3438 5276
333 507 395 576 66
523 591 530 602 ‚

328 681 421 760 varit,
443 681 479 748 in
501 703 632 748 omnem
653 684 774 747 terram
795 681 898 746 exisse
922 703 959 748 ac
979 681 1016 746 in
1038 682 1120 746 fines
1143 680 1229 747 orbis
1251 683 1337 746 terre
1359 681 1518 748 eredimus
1535 680 1586 744 di-

328 769 507 856 vulgatum.
529 771 597 836 Nec
619 770 726 840 minus
749 773 862 856 patere
885 770 1057 849 credimus,
1088 769 1174 856 quod
1202 770 1277 836 licet
1299 767 1384 837 idem
1406 768 1587 838 I‘riderieus

330 859 375 926 sic
393 859 490 944 juste,
514 860 559 926 sic
574 863 686 924 exacte
700 860 895 939 maturitate,
918 858 1070 945 predictis
1084 858 1222 946 imperio
1246 862 1279 924 et
1300 881 1405 946 regno
1428 859 1584 946 privatus,

328 949 365 1014 in
387 971 446 1014 sua
467 949 648 1034 pertinacia
669 949 832 1015 sententie
854 948 1047 1035 privationis
1076 949 1173 1033 hujus
1203 970 1317 1033 parere
1340 953 1585 1033 contempnens,

329 1037 442 1104 eadem
463 1038 637 1124 imperium
660 1041 693 1103 61
707 1059 846 1124 regnum
861 1037 1038 1104 detinuerit
1060 1039 1221 1123 occupata,
1244 1038 1320 1103 11661
1341 1042 1452 1125 preter
1473 1039 1582 1122 ipsum

329 1126 492 1212 quondam
508 1125 681 1206 Comedus,
704 1129 801 1192 natus
816 1127 927 1212 ipsius,
951 1130 984 1192 ct
999 1127 1128 1193 demum
1143 1127 1220 1192 olim
1235 1127 1423 1194 Manfredus
1440 1125 1584 1213 ejusdem

328 1215 495 1294 Ibiderici,
524 1219 562 1281 ut
583 1217 713 1294 dicitur,
743 1217 843 1294 filius,
873 1215 958 1282 idern
986 1238 1127 1302 regnum
1149 1217 1390 1302 presumptione
1414 1215 1585 1282 temeraria

329 1306 523 1391 occuparint.
546 1305 614 1372 Nos
637 1307 749 1370 tamen
779 1306 1000 1391 oportunitate
1032 1308 1178 1390 captata,
1208 1308 1383 1372 tractatum
1412 1306 1453 1371 de
1481 1325 1584 1390 regno

329 1393 473 1480 predicto
496 1416 555 1481 per
577 1395 679 1460 felicis
708 1395 936 1460 recordationis
959 1393 1129 1461 Urbanum
1159 1417 1294 1480 papam,
1327 1394 1584 1480 predecessorem

329 1485 491 1562 nostrum,
521 1484 701 1570 inceptum,
732 1483 771 1548 de
801 1484 938 1550 fratrum
967 1486 1150 1549 nostrornm
1179 1484 1311 1551 oonsilio
1341 1485 1583 1570 prosequentes,

328 1594 467 1660 regnum
490 1573 598 1660 ipsum
621 1573 782 1640 carissimo
805 1574 841 1639 in
865 1571 991 1638 Christo
1015 1573 1081 1638 filio
1104 1576 1214 1640 nostro
1239 1572 1360 1651 Oarclo,
1384 1571 1489 1639 Sicilie
1512 1572 1584 1658 regi

328 1661 455 1741 illustri,
479 1664 538 1728 sub
567 1664 662 1729 certis
691 1662 927 1728 conditionibus
956 1665 1025 1727 tam
1055 1663 1199 1740 ecclesie,
1235 1685 1332 1747 quarn
1355 1663 1468 1728 incolis
1490 1661 1586 1748 regni

328 1751 474 1837 61661661
496 1752 671 1818 accomcdis
695 1751 842 1817 dommus
865 1751 1110 1817 concedendum.
1134 1752 1198 1833 Qui
1211 1751 1321 1818 divino
1337 1754 1439 1818 fretus
1456 1751 1582 1829 auxilio,

329 1840 475 1906 celeriter
497 1841 536 1906 de
560 1841 643 1908 dicto
666 1841 835 1906 Mant'redo
857 1841 1076 1926 triumphem,
1099 1862 1239 1927 reguum
1261 1841 1369 1927 ipsum
1392 1863 1459 1906 uon
1483 1841 1586 1906 solum

329 1930 472 2011 feliciter,
495 1930 552 1996 sed
574 1931 764 1997 mirabiliter
787 1930 963 2016 acquisivit.
987 1929 1069 2010 Quia
1092 1951 1167 1996 vero
1184 1929 1392 2009 Conradinus,
1416 1929 1586 1996 memorati

331 2017 470 2086 Conradi
491 2020 591 2098 filius,
616 2042 812 2106 quamquam
842 2020 872 2085 61
902 2041 940 2085 ex
970 2019 1136 2105 premissis
1166 2022 1279 2105 aperte
1308 2019 1431 2104 liquere
1461 2019 1587 2097 debeat,

330 2109 418 2193 quod
439 2109 476 2188 in
498 2130 601 2196 regno
624 2109 767 2194 predicto
790 2130 850 2174 nec
868 2109 951 2193 juris
975 2108 1110 2194 alicujus
1133 2109 1271 2174 colorem
1293 2107 1503 2194 pretendere,
1526 2128 1587 2173 nec
1696 2169 1697 2182 ,

325 2198 381 2284 jus
404 2197 466 2264 sibi
488 2199 593 2284 possit
614 2197 744 2284 aliquod
766 2199 944 2278 vendicare,
967 2201 1093 2278 tamen,
1117 2219 1180 2284 que
1198 2197 1269 2282 jam
1291 2201 1487 2264 memoratus
1510 2218 1585 2284 prs·

329 2287 475 2354 decessor
497 2289 705 2366 Innocentius
729 2286 767 2354 de
790 2288 982 2374 privatione,
1006 2309 1103 2372 quarn
1121 2307 1181 2353 nos
1197 2286 1236 2352 de
1251 2287 1455 2354 concessione
1471 2286 1585 2371 hujus-

329 2375 417 2442 modi
440 2376 583 2461 ejusdem
605 2378 701 2464 regni
727 2377 958 2446 deliberatione
988 2377 1123 2463 provida
1152 2377 1265 2444 fecisse
1296 2377 1503 2455 dinoscimus,
1533 2375 1587 2442 in-

328 2465 474 2552 fringere
490 2489 571 2532 ausu
593 2467 763 2534 temerario
786 2470 948 2554 satagens,
972 2465 1150 2553 predictum
1172 2488 1312 2553 regnum
1335 2467 1396 2532 sibi
1417 2469 1586 2550 tamquam

328 2555 497 2641 proprium
519 2556 715 2636 intitulabat,
739 2578 799 2642 pro
822 2557 924 2642 ipsius
947 2577 981 2622 66
1004 2577 1082 2643 rege
1105 2556 1255 2644 gerebat,
1279 2555 1446 2630 scribendo
1470 2557 1503 2620 61
1525 2575 1585 2620 no·

329 2645 484 2712 minando
499 2667 533 2711 66
557 2667 669 2732 regem
690 2645 803 2725 Sicilie,
826 2644 1046 2713 distribuendo
1063 2648 1097 2712 et
1111 2645 1313 2711 concedendo
1327 2645 1425 2731 regni
1440 2641 1585 2729 ejusdem

329 2734 443 2812 officia,
466 2735 571 2801 uarias
595 2737 813 2803 concessiones
837 2735 982 2802 faciendo
1004 2735 1040 2800 in
1062 2735 1135 2820 ipso
1155 2737 1188 2800 et
1202 2734 1368 2800 nonnullis
1390 2734 1426 2800 16
1450 2755 1490 2798 eo
1514 2733 1584 2819 pri-

329 2822 450 2910 vilegia
472 2824 689 2905 concedendo,
711 2826 790 2891 item
814 2825 891 2910 quia
913 2847 984 2890 cum
1008 2824 1168 2910 aliquibus
1185 2823 1324 2888 inimicis
1340 2822 1470 2889 ecclesie
1486 2822 1583 2888 Lom-

328 2912 445 2992 bardis,
469 2913 664 2980 Marcbianis
687 2918 720 2980 et
743 2915 873 3000 Apulis,
903 2912 1022 2980 illicitis
1052 2913 1247 2978 commerciis
1275 2935 1310 2978 se
1340 2912 1524 2979 immiscens
1554 2913 1586 2976 61
1639 2987 1643 2996 .

329 3003 481 3068 scelestas
509 3003 616 3070 iniens
646 3005 817 3083 factiones,
850 3003 980 3070 turbare
1009 3024 1122 3089 paoem
1152 3002 1281 3068 ecclesie
1312 3025 1349 3068 ac
1370 3002 1407 3068 in
1429 3003 1584 3077 nostrum,

330 3091 461 3158 66616616
483 3092 586 3178 ipsius
610 3095 644 3159 61
666 3093 835 3160 memorati
855 3092 944 3180 regis
967 3092 1179 3179 prejudicium
1202 3094 1236 3156 et
1257 3091 1430 3158 discrimen
1445 3111 1583 3156 commo-

1049 3180 1388 3337 nes„
1406 3179 1587 3354 611

330 3382 387 3427 666
410 3361 664 3447 presumptionis
687 3362 846 3430 ambitum
867 3361 908 3427 sd
935 3359 1065 3446 imperii
1087 3359 1225 3426 Romani
1247 3359 1374 3425 culmen
1398 3358 1584 3436 extendens,

331 3451 477 3517 obtinere
506 3451 593 3517 idem
622 3451 794 3538 impoeium
823 3450 1004 3528 nitebatur,
1034 3471 1132 3536 super
1161 3470 1224 3534 quo
1248 3447 1327 3514 adeo
1351 3447 1507 3532 processit
1529 3468 1584 3512 rue

331 3541 589 3626 presumptionis
615 3542 796 3621 temeritas,
826 3540 911 3625 quod
940 3559 1014 3606 suos
1043 3539 1079 3604 in
1108 3538 1223 3605 Tuscia
1252 3536 1385 3603 vicarios
1415 3536 1584 3614 ordinavit,

330 3631 522 3716 fteqmnter
547 3630 656 3716 ipsum
686 3631 812 3716 publice
842 3652 879 3696 ao
908 3628 1139 3715 sollempniter,
1163 3627 1203 3692 de
1234 3627 1372 3693 fratrum
1403 3629 1586 3692 nostrorum

332 3718 472 3799 66661116,
488 3720 671 3788 monuimus
694 3719 753 3786 sub
776 3742 863 3814 pena
882 3716 1227 3795 excommunicationis,
1251 3737 1358 3800 quam,
1374 3715 1402 3780 si
1424 3737 1514 3782 secus
1536 3716 1585 3780 fa·

331 3810 426 3887 cerat,
442 3811 560 3874 extunc
581 3810 714 3875 tulimus
737 3810 773 3874 in
796 3809 942 3886 eundern,
965 3809 1002 3874 ut
1025 3831 1044 3874 a
1066 3805 1231 3892 premissis
1254 3805 1385 3891 penitus
1409 3803 1586 3873 abstineret

332 3919 392 3966 666
414 3897 531 3964 similia
554 3898 619 3963 ullo
642 3921 786 3984 unquam
809 3901 955 3984 tempore
979 3897 1197 3981 attemptaret.
1220 3895 1303 3959 Item
1319 3893 1487 3960 citavimus
1505 3915 1584 3968 eum,

331 3990 369 4054 ut
389 3987 477 4054 iufra
499 3989 622 4054 certum
644 3989 827 4066 terminum,
851 4009 947 4073 quem
970 3985 1032 4060 sibi
1058 3983 1312 4071 peremptorium
1334 3982 1483 4048 duximus
1507 3981 1585 4048 assi-

332 4077 510 4164 gnandum,
534 4098 594 4164 per
616 4095 651 4144 se
673 4077 726 4144 vel
748 4099 808 4164 per
822 4078 1061 4163 procuratorem
1076 4074 1238 4158 ydoneum
1254 4072 1428 4157 apostolico
1451 4093 1487 4138 66
1509 4093 1584 4136 oon·

332 4167 458 4253 spectui
479 4168 691 4254 presentaret,
713 4187 926 4253 responsurus
949 4186 1048 4249 super
1074 4163 1166 4228 dictis
1196 4160 1376 4227 excessibus
1405 4163 1438 4226 et
1466 4160 1585 4227 uostris

332 4276 370 4322 aa
392 4255 535 4341 ejusdem
558 4256 692 4324 ecclesie
711 4255 921 4342 beneplacitis
945 4253 1116 4340 pariturus.
1148 4250 1300 4336 Alioquin
1335 4252 1453 4316 extunc
1474 4271 1584 4335 proco·

332 4345 480 4412 daremus
509 4345 641 4432 gravius
670 4349 782 4412 contra
812 4366 901 4423 eum,
931 4343 1033 4429 ipsius
1062 4341 1209 4408 absentia
1231 4361 1299 4405 nou
1322 4339 1481 4405 obstante.
1504 4339 1584 4404 Item

333 4435 410 4519 quia
432 4432 533 4521 ipsius
557 4433 760 4522 C(onradini)
784 4454 978 4588 snorumrffe
1001 4432 1163 4498 fautorum
1179 4431 1288 4516 aperte
1303 4430 1447 4494 reserata
1462 4427 1585 4493 malitie

333 4523 422 4612 ipsos
444 4521 484 4590 de
507 4523 690 4592 turbatione
713 4523 805 4590 Italia
828 4521 926 4602 redde
949 4523 985 4589 at
1005 4520 1178 4588 manifeste
1205 4519 1384 4606 suspectos,
1407 4515 1511 4584 eidem
1534 4517 1583 4582 in·
