3464 5280
341 566 403 626 130

335 723 534 786 sectatorem.
580 721 719 805 Ideoque
742 721 987 786 universitatem
1010 725 1152 786 vestram
1174 744 1342 787 monemus
1366 723 1400 784 61
1423 721 1589 785 hortamur

336 813 469 888 attente,
492 833 551 894 per
574 810 748 894 apostolica
771 811 860 876 vobis
891 811 1010 895 scripta
1040 811 1248 890 mandantes,
1280 813 1440 895 quatenus
1470 809 1589 874 dictum

335 899 616 984 archiepiscopum,
641 898 681 963 ad
704 920 759 964 vos
783 921 855 963 cum
877 899 1079 984 plenitudine
1103 902 1213 964 nostre
1237 900 1342 985 gratie
1360 921 1395 964 ac
1411 898 1495 963 sedis
1511 919 1588 983 apo-

335 988 445 1052 stolice
468 989 694 1066 revertentem,
718 989 929 1072 suscipientes
952 989 1117 1052 humiliter
1142 992 1175 1053 et
1197 988 1311 1053 devote
1335 1011 1372 1052 ac
1394 989 1589 1072 plenopre·

334 1077 503 1142 venientes
519 1076 641 1141 honore
658 1077 695 1154 ei,
717 1079 884 1161 tamquam
903 1077 989 1161 patri
1004 1080 1037 1141 et
1052 1078 1175 1162 pastori
1198 1078 1379 1142 animarum
1401 1079 1588 1154 vestrarum,

334 1165 477 1230 debitam
506 1165 723 1230 obedientiam
753 1168 787 1229 et
815 1167 1031 1230 reverentiam
1060 1165 1273 1251 impendatis,
1304 1166 1373 1249 ejus
1403 1165 1528 1229 monita
1558 1168 1590 1228 et

335 1254 489 1319 mandata
527 1254 668 1319 salubria
706 1254 908 1339 suscipiendo
946 1255 1059 1320 devote
1099 1277 1135 1320 ac
1173 1256 1344 1320 efficaciter
1381 1253 1589 1318 observando.

336 1343 489 1428 Alioquin
527 1342 748 1422 sententiam,
792 1366 889 1427 quarn
931 1343 1001 1428 ipse
1039 1347 1172 1429 propter
1209 1345 1269 1409 hoc
1306 1344 1367 1408 rite
1405 1343 1518 1407 tulerit
1554 1343 1589 1406 in

335 1433 479 1511 rebelles,
503 1435 608 1496 ratam
630 1431 820 1497 habebimus
848 1435 882 1498 et
911 1433 1063 1498 faciemus
1087 1435 1249 1498 auctorem
1272 1433 1400 1496 domino
1424 1453 1525 1516 usque
1549 1430 1589 1496 ad

335 1521 589 1586 satisfactionem
627 1521 821 1607 condignam
860 1523 1077 1606 appellatione
1115 1526 1238 1586 remota
1270 1521 1500 1587 inviolabiliter
1532 1521 1588 1585 ob-

336 1611 466 1675 servari.
521 1609 642 1674 Datum
680 1611 765 1694 apud
804 1612 925 1676 Urbem
963 1615 1113 1690 veterem,
1151 1612 1192 1676 11.
1225 1611 1288 1676 kal.
1321 1609 1471 1677 Januarii
1502 1630 1589 1674 anno

334 1699 510 1764 secundo..

423 1789 463 1852 In
495 1787 610 1852 eodem
642 1788 736 1852 modo
768 1789 927 1854 universis
960 1790 1117 1874 episcopis
1150 1788 1363 1876 suffraganeis
1388 1786 1589 1853 Coloniensis

334 1878 473 1942 ecclesie.
519 1877 677 1942 Plantans
709 1879 766 1942 etc.
798 1880 834 1941 ut
863 1879 898 1941 in
922 1880 1078 1962 superiori
1100 1879 1246 1963 proxima
1268 1901 1369 1962 usque
1392 1877 1589 1954 honorando,

334 1967 495 2031 fulciendo
512 1967 790 2052 suffraganeorum
805 1968 983 2031 venerabili
1003 1971 1174 2052 potentatu
1191 1990 1325 2052 eamque
1341 1967 1405 2031 illis
1422 1969 1590 2050 tamquam

332 2077 424 2120 muro
447 2056 647 2120 fort'tudinis
665 2055 897 2134 circumdando,
920 2057 1093 2121 radicando
1110 2060 1167 2121 616.
1183 2079 1284 2142 usque
1300 2054 1488 2140 deputando
1503 2055 1589 2118 viros

331 2146 457 2210 nobiles
488 2145 621 2209 diversis
651 2145 773 2209 meritis
804 2146 1030 2230 precellentes,
1062 2145 1117 2229 qui
1147 2146 1305 2230 siquidem
1334 2145 1395 2209 viri
1418 2144 1507 2209 sanis
1531 2146 1589 2209 etc.

332 2235 439 2299 verbis
462 2237 685 2318 competenter
707 2236 840 2300 mutatis
864 2257 964 2318 usque
988 2236 1214 2319 prevenientes
1237 2235 1367 2312 honore,
1392 2256 1428 2298 ac
1451 2232 1481 2297 ei
1503 2233 1589 2296 11111-

334 2346 432 2408 quarn
454 2326 599 2388 membra
621 2324 720 2408 capiti
743 2324 956 2408 obsequentes
974 2324 1152 2389 exhibeatis
1169 2325 1199 2388 ei
1215 2323 1430 2388 obedientiam
1447 2322 1590 2386 debitam

333 2415 367 2475 et
390 2413 546 2492 devotam,
569 2414 616 2477 ita
639 2412 723 2497 quod
747 2415 859 2476 mutua
882 2413 1046 2478 intervos
1070 2414 1176 2499 gratia
1200 2416 1309 2498 gratos
1333 2412 1485 2476 sortiatur
1510 2412 1589 2475 effe·

331 2504 400 2566 ctus
431 2502 471 2566 ad
501 2503 647 2566 decorem
676 2505 760 2566 fame
784 2504 899 2581 vestre,
929 2503 1169 2567 commissarum
1191 2503 1281 2567 vobis
1305 2501 1509 2566 ecclesiarum
1533 2523 1590 2564 ex·

331 2591 538 2671 altationem,
577 2591 816 2676 depressionem
849 2591 994 2670 illorum,
1033 2593 1089 2677 qui
1121 2591 1367 2657 ecclesiasticam
1399 2590 1591 2675 opprimunt

332 2680 515 2746 libertatem
539 2683 572 2745 61
594 2682 727 2767 plenum
750 2681 905 2768 gaudium
927 2682 1046 2746 mentis
1071 2684 1180 2746 nostre
1205 2703 1241 2746 ac
1263 2682 1361 2745 etiam
1385 2680 1470 2744 dicte
1494 2679 1590 2744 sedis

213 2772 225 2784 '
331 2769 485 2855 Alioquin
509 2772 706 2836 sententiam
729 2775 787 2836 etc.
810 2773 847 2834 ut
869 2771 905 2834 in
928 2771 1000 2835 1111.

418 2862 458 2924 ln
482 2860 709 2925 eodemmodo
733 2860 968 2945 archiepiscopo
993 2859 1184 2925 Coloniensi.
1223 2861 1380 2925 Plantans
1411 2861 1468 2923 etc.
1492 2860 1530 2923 ut
1551 2858 1589 2922 in

329 2947 434 3035 prima
449 2973 550 3035 usqne
568 2951 753 3034 deputando
769 2951 853 3014 viros
870 2951 994 3031 nobiles
1010 2949 1143 3015 diversis
1159 2950 1282 3014 meritis
1292 2949 1514 3034 precellentes,
1531 2948 1589 3031 qui

330 3039 580 3213 11111111
595 3037 1589 3196 11111111111111111111111111111

332 3180 526 3284 submittens
550 3219 749 3284 fortitudinis
773 3221 827 3282 tue
838 3153 973 3283 pcollum
997 3153 1038 3284 rid
1061 3219 1246 3304 hujusmodi
1269 3215 1493 3285 sollicitudinis
1517 3237 1587 3279 sar-

331 3310 445 3388 cinam,
469 3312 578 3373 mente
603 3309 711 3372 stabili
734 3308 949 3388 deferendam,
980 3331 1088 3373 curam
1118 3309 1219 3392 ipsius
1251 3309 1381 3375 ecclesie
1411 3305 1588 3391 diligenter

317 3421 425 3484 ‘geras
449 3403 482 3463 et
505 3399 676 3463 salubriter
700 3421 736 3463 ac
759 3397 882 3462 utiliter
906 3399 1082 3483 exequaris,
1106 3399 1152 3462 ita
1176 3399 1260 3482 quod
1283 3398 1355 3483 ipsa
1378 3396 1510 3463 ecclesia
1526 3393 1588 3458 sub

329 3495 387 3554 tua
410 3489 583 3575 vigilantia
606 3489 722 3553 votivis
747 3487 920 3571 amplietur
950 3487 1089 3552 comodis
1120 3489 1153 3551 et
1175 3487 1295 3572 optatis
1319 3484 1504 3575 augmentis
1528 3483 1586 3547 do-

292 3581 298 3598 ’
329 3580 419 3642 mino
442 3582 634 3663 cooperante
658 3579 841 3663 consurgat.
886 3577 996 3642 Sciens
1019 3598 1077 3662 pro
1100 3579 1201 3656 certo,
1225 3576 1324 3661 quod,
1355 3580 1478 3663 quanto
1501 3574 1586 3639 cele·

329 3668 417 3732 brior
440 3672 490 3732 est
512 3668 625 3731 titulus
648 3670 703 3731 tae
726 3667 922 3745 nobilitatis,
952 3671 1047 3732 tanto
1070 3667 1241 3752 gloriosius
1265 3667 1325 3730 tibi
1348 3667 1423 3746 erit,
1454 3665 1482 3731 si
1506 3665 1587 3729 alios

328 3757 364 3821 in
381 3757 500 3822 Christi
518 3757 698 3821 ministerio
722 3779 855 3841 superas
879 3759 1058 3836 sanctitate,
1083 3779 1162 3840 quos
1182 3757 1400 3842 generositate
1416 3761 1585 3821 transcen-

329 3846 387 3923 dis,
411 3847 439 3910 si
463 3846 589 3911 Christo
614 3849 646 3909 et
668 3846 853 3911 hominibus
876 3848 1002 3931 placere
1026 3845 1185 3910 studueris
1216 3867 1282 3910 non
1312 3846 1347 3910 in
1376 3845 1585 3920 multitudine

329 3935 523 4014 divitiarum,
548 3935 603 3999 sed
626 3937 814 4020 gratiarum,
846 3958 912 4000 non
935 3939 1003 4002 tam
1026 3935 1061 3999 in
1084 3937 1202 4000 ornatu
1232 3935 1455 4020 supellectilis,
1487 3955 1584 4017 quam

329 4025 467 4105 virtutis
498 4027 526 4093 si
556 4026 738 4090 exhibueris
768 4029 801 4088 te
830 4023 972 4108 rigidum
1002 4024 1165 4108 superbis,
1195 4023 1376 4112 benignum
1398 4021 1584 4100 humilibus

329 4115 554 4200 penitentibus,
575 4113 813 4180 misericordem
837 4116 869 4177 et
892 4115 1100 4180 inflexibilem
1124 4113 1304 4191 obstinatis,
1328 4115 1516 4180 lohannem
1532 4111 1584 4174 in-

328 4208 498 4287 cestuosis,
531 4205 723 4271 Mathatiam
755 4205 929 4290 apostatis,
963 4203 1209 4270 fornicatoribus
1239 4204 1413 4282 Phineem,
1446 4202 1583 4286 Helyam

328 4296 492 4380 ydolatria,
515 4300 646 4364 Petrmn
662 4296 903 4374 mentientibus,
924 4295 1121 4379 blasphemis
1137 4293 1273 4358 Paulum
1289 4295 1322 4357 et
1337 4290 1582 4378 negotiantibus

329 4387 500 4455 Christum.
532 4391 602 4455 Erit
625 4389 713 4455 enim
736 4410 793 4473 per
808 4388 868 4451 hec
882 4383 1082 4462 conversatio
1099 4387 1155 4448 tua
1170 4386 1237 4448 tam
1254 4383 1340 4468 apud
1356 4382 1459 4462 deum,
1483 4403 1580 4466 quam

328 4480 474 4544 homines
498 4479 647 4565 gloriosa.
693 4479 814 4544 Datum
837 4478 874 4539 ut
896 4496 1002 4559 supra.

416 4569 456 4636 In
480 4570 592 4636 eodem
615 4569 708 4633 modo
730 4566 849 4654 populo
872 4564 1012 4632 civitatis
1036 4567 1069 4629 et
1092 4561 1226 4628 diocesis
1246 4561 1456 4628 Coloniensis.
1481 4559 1580 4626 Plan·
1689 4553 1690 4576 ¹
