3464 5280
753 717 804 781 10.

244 862 395 928 Urbanus
416 861 480 927 IV.
503 861 670 944 confirmet
692 859 870 926 electionem
889 859 1075 944 Enpelterti
1097 857 1322 944 archiepiscopi
1347 854 1407 920 Oo-

150 970 310 1036 bm'eusia
333 970 373 1055 es.
397 968 457 1033 No.
470 971 547 1040 208.
578 967 703 1049 Apate
726 967 871 1034 Urbem
891 972 1082 1048 11111111,
1105 963 1325 1032 11611111.
1340 964 1406 1032 31.

184 1115 187 1123 ’
242 1105 1157 1195 011111101111110111111111111101111100101111111.
1203 1107 1404 1172 Plantansa

152 1201 313 1286 principio
336 1199 484 1265 dominus
508 1199 585 1263 deus
606 1199 735 1263 ecclesie
751 1198 956 1283 paradysum,
979 1198 1015 1262 in
1031 1218 1094 1282 quo
1110 1197 1218 1282 posuit
1233 1196 1406 1276 hominem,

152 1312 249 1375 quem
271 1291 435 1367 formarat,
458 1288 545 1353 inter
576 1287 639 1352 alia
669 1288 761 1374 ligna
783 1289 956 1372 pomifera,
979 1287 1113 1372 pulchra
1135 1287 1206 1350 visu
1230 1288 1264 1349 et
1287 1286 1327 1350 ad
1350 1307 1406 1350 ve-

152 1379 306 1444 scendum
329 1379 448 1458 suavia,
471 1378 507 1441 in
529 1376 634 1441 medio
658 1378 727 1461 ejus
752 1380 919 1462 tamquam
941 1377 1069 1461 lignum
1091 1375 1157 1440 vite
1182 1373 1406 1439 Coloniensem

152 1468 318 1533 ecclesiam
342 1467 463 1533 salubri
485 1466 694 1550 dispositione
717 1466 869 1551 produxit
891 1469 924 1531 et
948 1488 1020 1530 eam
1042 1465 1261 1529 venerandam
1276 1465 1406 1528 univer-

152 1558 243 1622 sitati
264 1556 406 1622 fidelium
430 1555 594 1634 stabilivit,
616 1555 722 1640 ipsam
745 1556 976 1641 metropolitica
992 1554 1162 1641 dignitatis
1178 1554 1330 1640 insigniis
1346 1553 1405 1617 ho·

152 1647 306 1726 1011110,
329 1646 502 1711 radicando
524 1645 629 1730 ipsam
647 1645 683 1708 in
699 1645 819 1731 populo
841 1645 1050 1710 honorificato
1074 1646 1107 1708 et
1130 1643 1170 1708 ad
1194 1644 1263 1727 ejus
1286 1644 1407 1707 cultum

153 1737 339 1822 deputando
361 1758 418 1800 vos
438 1734 497 1800 filii
517 1735 702 1819 capitulum,
719 1735 852 1799 diversis
869 1735 991 1798 meritis
1007 1734 1226 1818 precellentes,
1248 1734 1303 1817 qui
1319 1733 1407 1798 sanis

153 1825 358 1890 advertentes
387 1824 534 1889 sensibus
566 1827 598 1887 et
627 1825 797 1908 prudentie
829 1825 969 1889 consiliis
999 1823 1217 1907 providentes,
1243 1822 1327 1907 quod
1351 1845 1406 1886 ex-

153 1914 306 2000 pediebat
328 1914 493 1978 ecclesiam
515 1916 584 1977 tam
607 1913 748 1978 nobilem
772 1936 926 1998 sponsum
949 1914 1068 1977 babere
1092 1913 1260 1992 virtutum,
1284 1911 1407 1976 meritis

154 2007 188 2067 et
209 2006 326 2068 nature
349 2003 477 2068 dotibus
497 2003 675 2087 speciosum
692 2005 725 2066 11
739 2002 985 2067 honorificatum
1008 2003 1163 2087 populum
1186 2002 1313 2086 presule
1336 2000 1408 2086 regi

154 2093 289 2158 scicntia
319 2091 445 2178 predito
476 2094 509 2156 et
539 2092 659 2176 stipato
688 2092 836 2177 potentia
865 2091 1015 2170 seculari,
1049 2114 1084 2155 ac
1113 2092 1257 2155 membra
1287 2090 1408 2154 nobilia

154 2181 297 2247 decorari
326 2181 430 2265 capite
461 2203 626 2267 generose,
657 2181 697 2245 ad
720 2181 937 2246 venerabilem
960 2183 1093 2245 fratrem
1118 2183 1264 2246 nostrum
1286 2180 1408 2264 111311-

152 2272 289 2350 bertum,
314 2269 538 2336 coloniensem
554 2270 835 2356 archiepiscopum,
859 2273 936 2335 tunc
959 2271 1158 2356 prepositum
1176 2269 1408 2348 Coloniensem,

153 2361 299 2426 consulte
323 2360 563 2425 deliberationis
582 2360 689 2425 oculos
706 2360 904 2439 extendistis,
928 2363 1094 2444 tamquam
1110 2359 1270 2424 advirum
1285 2359 1408 2423 meritis

153 2451 226 2515 istis
250 2452 283 2514 et
306 2451 385 2527 aliis,
408 2450 509 2515 tantis
533 2449 746 2514 sufficientem
768 2450 919 2516 oneribus
943 2453 1066 2514 ettam
1089 2451 1217 2536 magnis
1232 2449 1408 2514 honoribus

153 2542 413 2713 ffigditilt
441 2539 1328 2714 11111111111111111111111
1351 2559 1409 2712 {t

154 2719 317 2796 volebant,
341 2718 504 2783 debebant
527 2720 560 2782 et
582 2718 711 2782 comode
734 2721 887 2804 poterant
902 2719 1068 2799 111111111,
1091 2719 1198 2804 ipsum
1213 2721 1250 2784 in
1265 2720 1409 2784 vestrum

154 2809 320 2892 pastorem
343 2810 377 2871 11
399 2807 687 2892 archiepiscopum,
718 2808 811 2892 quasi
839 2829 898 2892 per
921 2807 1064 2872 divinam
1087 2809 1333 2893 inspirationem
1356 2829 1409 2871 ca-

154 2897 271 2961 nonice
302 2917 338 2960 ac
367 2897 564 2961 concorditer
594 2897 739 2982 elegistis
770 2899 814 2976 et,
837 2899 1025 2981 presentato
1049 2898 1142 2963 nobis
1166 2897 1330 2962 electionis
1353 2897 1410 2960 de-

155 2987 258 3068 cretu,
290 2985 494 3071 supplicastis
524 2985 704 3066 humiliter,
734 2989 772 3050 ut
801 2986 989 3052 electionem
1018 2987 1123 3072 ipsam
1152 2987 1341 3053 confirmare
1371 2986 1411 3049 de

156 3077 311 3139 consueta
343 3074 547 3160 benignitate
586 3076 670 3140 sedis
709 3077 882 3161 apostolice
921 3077 1138 3163 dignaremur.
1198 3079 1273 3163 Ipso
1310 3077 1412 3163 igitur

157 3163 405 3250 archiepiscopo,
429 3167 562 3250 propter
576 3165 636 3229 hoc
651 3165 687 3229 in
702 3169 814 3231 nostra
829 3169 993 3252 presentia
1016 3170 1199 3248 constituto,
1224 3168 1413 3234 electionem

157 3254 295 3318 eandem
319 3253 497 3319 examinari
519 3255 653 3320 fecimus
676 3255 850 3340 diligenter
873 3258 918 3333 et,
942 3257 1017 3341 quia
1040 3258 1145 3343 ipsam
1167 3259 1350 3324 invenimus
1373 3256 1413 3321 de

155 3365 298 3429 persona
321 3365 389 3407 non
411 3345 513 3408 solum
537 3345 705 3429 ydoneam,
731 3345 787 3408 sed
817 3345 914 3410 etiam
944 3347 1108 3431 premissis
1139 3351 1172 3412 et
1196 3349 1266 3414 aliis
1290 3347 1413 3412 meritis

156 3426 394 3518 precellentem
410 3433 562 3508 canonice
584 3435 791 3513 celebratam,
815 3457 887 3498 eam
910 3434 949 3498 da
973 3438 1109 3500 fratrum
1132 3440 1314 3502 nostrorum
1336 3459 1413 3502 con-

157 3521 232 3587 silio
255 3522 403 3587 duximus
427 3522 688 3601 confirmandam,
711 3524 959 3588 consecrationis
987 3547 1104 3590 munus
1135 3527 1198 3591 sibi
1227 3527 1266 3591 de
1296 3527 1414 3592 nostris

157 3610 309 3676 manibus
332 3611 559 3696 impendentes
583 3611 707 3696 sibique
731 3613 880 3696 palleum,
905 3613 943 3676 de
967 3635 1097 3699 corpore
1120 3615 1209 3680 beati
1223 3617 1312 3681 Petri
1327 3639 1414 3680 sum-

157 3702 261 3786 ptum,
284 3701 320 3764 in
343 3701 475 3787 signum
498 3700 627 3784 quidem
649 3701 862 3786 plenitudinis
886 3703 1079 3788 pontificalis
1110 3706 1206 3769 officii
1235 3705 1415 3770 tribuentes

159 3791 254 3854 firma
277 3811 334 3874 spe
357 3790 535 3874 fiduciaque
559 3793 721 3874 concepta,
745 3792 829 3874 quod
852 3792 930 3876 ipse,
953 3794 1121 3877 tamquam
1140 3795 1189 3859 vir
1204 3795 1367 3859 litteratus
1384 3795 1417 3858 ct

157 3879 311 3965 providus
336 3880 384 3956 et,
416 3881 513 3964 prout
536 3878 717 3958 didicimus,
749 3879 784 3943 in
803 3880 933 3964 judiciis
962 3885 1083 3964 rectus,
1114 3884 1150 3948 in
1173 3885 1415 3969 dispensatione

158 3967 347 4047 industrius,
371 3967 407 4032 in
430 3968 566 4054 agendis
590 3971 749 4047 strenuus,
773 3970 968 4054 compositus
992 3973 1033 4036 ad
1054 3995 1168 4053 mores,
1191 3974 1284 4038 fortis
1301 3974 1341 4038 ad
1356 3996 1416 4057 pa·

159 4057 319 4140 tientiam,
343 4078 464 4142 pronus
489 4057 529 4121 ad
552 4056 767 4137 concordiam,
798 4059 922 4144 rigidus
946 4061 986 4124 ad
1009 4084 1192 4141 censuram,
1209 4062 1342 4128 ⁴virtute
1365 4061 1417 4126 ni·

159 4150 235 4214 tens
259 4149 293 4210 et
315 4146 461 4211 eminens
486 4147 704 4232 generositate
728 4168 764 4210 10
786 4149 912 4232 pollens
935 4151 1122 4214 maturitate
1145 4151 1285 4230 consilii,
1299 4151 1417 4236 predi-

159 4237 246 4301 ctam
270 4235 435 4301 ecclesiam
459 4256 495 4300 ac
518 4235 682 4300 subditum
705 4236 766 4300 sibi
789 4237 908 4301 clerum
932 4241 965 4302 et
987 4240 1142 4324 populum
1165 4240 1275 4304 taliter
1291 4242 1419 4305 auctore

161 4325 292 4389 domino
316 4324 520 4411 gubernabit,
544 4322 629 4408 quod
653 4325 764 4388 eadem
789 4326 920 4390 ccclesia
943 4349 1002 4411 per
1018 4327 1186 4412 diligentie
1203 4351 1259 4394 sue
1276 4329 1418 4393 studium

160 4413 198 4478 in
229 4414 466 4499 temporalibus
494 4416 527 4479 et
558 4413 778 4497 spiritualibus
810 4415 953 4479 votivum
987 4416 1139 4501 suscipiet
1176 4417 1419 4495 incrementum,

160 4501 325 4568 reddendo
355 4525 411 4568 vos
442 4503 653 4588 acceptabiles
684 4502 813 4568 domino
841 4506 877 4568 11
909 4506 1065 4590 populum
1096 4507 1253 4572 bonorum
1286 4529 1419 4593 operum

270 4615 351 4676 Posse,
370 4613 490 4662 11111111.
1245 4621 1259 4667 o
