3464 5280
1349 530 1411 592 145

158 687 361 772 prelata-ad
383 709 461 772 quos
480 687 533 771 jus
555 687 698 773 pertinet
720 667 863 774 eligendi
877 687 1094 752 Romanorum
1115 707 1227 773 regam
1250 687 1287 751 in
1309 687 1412 771 impe·

157 779 298 842 ratonem
326 775 528 862 postmodum
556 777 823 861 promovendum,
853 777 889 841 in
919 799 990 842 earn
1019 775 1220 842 devenerunt
1242 774 1412 854 andaciam,
1531 833 1534 840 .

146 869 313 950 utsuper
327 866 482 932 electione
493 864 666 930 Conradini
688 866 829 950 ejusdem
852 865 891 930 ad
914 866 1091 952 imperium,
1115 867 1252 931 occultos
1274 864 1414 931 audeant

158 958 193 1020 et
215 957 342 1041 apertos
363 955 446 1021 inire
468 957 707 1033 tractatus,·sue
731 955 841 1020 salutis
863 956 1074 1034 immemores,
1096 956 1204 1021 hostes
1231 953 1358 1040 justitie
1381 957 1415 1020 81

159 1043 276 1130 quietis
296 1044 422 1130 publice
445 1045 632 1124 turbatores,
655 1067 726 1110 curn
749 1044 905 1110 deberent
920 1066 986 1110 non
1002 1046 1103 1110 solum
1125 1045 1305 1123 attendere,
1329 1043 1414 1129 quod

157 1155 318 1199 assumere
337 1133 553 1219 ineligibilem
575 1134 657 1198 nulli
679 1133 761 1212 licet,
785 1155 896 1199 verum
919 1135 1017 1199 etiam
1041 1134 1216 1220 diligenter
1237 1133 1414 1211 advertere,

159 1223 330 1309 quominus
361 1245 447 1287 nunc
478 1223 524 1288 eis
555 1245 724 1308 personam
756 1224 932 1308 quamlibet
964 1224 1061 1288 etiarn
1099 1224 1189 1289 omni
1226 1222 1414 1307 exceptione

158 1313 313 1397 majorem
336 1311 446 1377 liceret
469 1313 602 1398 eligere,
632 1313 769 1378 maxime
797 1312 960 1398 pendente
984 1314 1117 1379 duarum
1140 1313 1332 1378 electionum
1355 1333 1414 1376 ne-

159 1402 251 1488 gotio
274 1423 379 1466 coram
402 1400 502 1481 nobis,
526 1424 587 1487 que
610 1402 743 1468 fuerunt
765 1401 804 1466 de
827 1402 994 1468 carissimis
1014 1403 1050 1468 in
1067 1402 1192 1468 Christo
1207 1403 1281 1466 filiis
1296 1400 1414 1466 nostris

210 1541 217 1556 .
233 1541 241 1557 .
256 1512 335 1577 rege
359 1489 494 1556 (18818118
510 1494 551 1556 et
566 1490 715 1557 Riccardo
738 1492 853 1558 comite
878 1490 1044 1571 Gornubie,
1067 1493 1102 1557 in
1122 1492 1339 1557 Romanorum
1361 1511 1414 1555 re-

161 1602 238 1666 gern
261 1580 369 1645 electis
391 1601 448 1665 per
471 1602 538 1659 eos,
561 1579 602 1644 ad
625 1603 703 1666 quos
721 1581 775 1666 jus
798 1580 940 1668 eligendi
962 1581 1163 1668 pertinet‘in
1186 1580 1340 1646 discordia
1362 1601 1414 1644 ce-

159 1670 294 1736 lebrate.
317 1670 411 1735 Hunc
432 1673 540 1735 autem
564 1691 630 1734 esse
646 1671 767 1756 probat
788 1671 1001 1756 ineligibilem
1025 1671 1119 1736 818118
1145 1671 1328 1750 infirmitas,
1353 1691 1415 1755 que

147 1758 338 1824 inhabilem
353 1781 432 1824 eum
456 1760 555 1824 efficit
576 1759 616 1824 ad
639 1760 784 1825 honores.
808 1759 949 1847 Oumque
973 1761 1078 1842 etiarn,
1101 1761 1129 1826 si
1150 1760 1332 1846 legitimum
1348 1761 1415 1824 ter·

160 1849 286 1914 minum
300 1849 478 1934 attigisset,
502 1870 574 1914 eum
596 1851 706 1913 tamen
729 1850 807 1936 eligi
829 1873 897 1915 non
920 1851 1060 1930 deceret,
1091 1850 1146 1936 qui
1169 1850 1207 1914 de
1230 1851 1413 1936 persecuto-

159 1938 248 2002 ribus
278 1938 406 2003 ecclesie
435 1937 629 2016 manifestio,
662 1941 729 2003 tam
760 1939 935 2019 veteribus,
969 1964 1063 2026 quarn
1093 1939 1255 2005 modernis
1284 1939 1416 2004 trahens

160 2027 329 2113 originem,
348 2028 436 2111 justa
458 2030 565 2112 posset
584 2027 644 2091 hac
665 2028 731 2092 sola
752 2029 877 2094 ratione
900 2031 1021 2114 repelli,
1044 2050 1140 2115 quam
1162 2031 1273 2094 tamen
1296 2049 1415 2114 aggra-

160 2119 215 2181 vat
236 2115 337 2200 ipsius
358 2117 530 2181 manifesta
551 2117 729 2196 temeritas,
760 2141 822 2202 qua
844 2140 878 2182 88
900 2122 1007 2204 parat,
1038 2122 1075 2185 ut
1102 2117 1303 2183 evidentibus
1325 2119 1417 2203 patet

160 2205 311 2284 indiciis,
318 2205 359 2270 ad
380 2206 558 2271 Romanam
582 2207 744 2271 eeclesiam
759 2210 870 2273 contra
885 2231 918 2273 se
934 2209 1049 2274 merito
1064 2208 1305 2294 provocandam
1329 2205 1415 2288 Quo-

160 2294 242 2360 circa
271 2317 342 2360 crnn
371 2295 474 2361 officio
497 2298 612 2361 nostre
635 2296 805 2361 8811111118
834 2297 1011 2377 incumbat,
1041 2298 1204 2363 fraudibus
1228 2299 1262 2363 et
1283 2294 1415 2362 malitiis

158 2406 382 2486 perversorum
405 2407 585 2465 occurrere,
616 2407 673 2463 ne,
704 2348 1414 2473 8181811811,1831881818188111188111118

159 2474 243 2538 vires
266 2495 399 2552 sumere,
423 2496 484 2577 que
506 2474 542 2538 in
557 2475 641 2559 ipsis
663 2435 765 2540 initiis
788 2476 888 2541 levius
912 2477 1154 2564 extinguuntur,
1178 2499 1236 2541 nos
1251 2477 1287 2541 in
1303 2497 1414 2542 omncs

161 2566 195 2628 81
216 2562 360 2650 singulos
383 2564 605 2648 cujuscumque
629 2562 797 2650 dignitatis
827 2566 878 2630 vel
908 2567 1111 2645 excellentie,
1141 2565 1414 2651 archiepiscopalis

160 2653 259 2717 etiam
281 2653 333 2718 vel
357 2653 548 2807 episcopalis,
571 2655 627 2718 aut
650 2653 780 2719 alterius
804 2655 973 2720 ecclesiast
950 2659 1011 2722 tice
1027 2651 1079 2721 vel
1094 2655 1240 2721 secularis
1265 2655 1413 2731 existant,

149 2742 383 2827 ‘cujuscumque
405 2742 472 2807 sint
495 2743 619 2828 gradus,
643 2742 834 2808 conditionis
857 2747 908 2810 vel
931 2745 1097 2811 ordinis
1074 2768 1139 2811 s1ve
1163 2766 1263 2824 sexus,
1282 2744 1343 2830 qui
1356 2763 1415 2828 per

148 2834 313 2896 tractatus
336 2831 476 2917 publicos
499 2833 551 2896 vel
573 2833 711 2898 occultos
727 2854 782 2897 seu
798 2855 1009 2920 quoscumque
1033 2835 1111 2900 alios
1133 2834 1242 2900 modos
1264 2855 1415 2919 procura-

158 2921 243 2986 bunt
265 2920 342 2986 dicti
365 2920 537 2987 Conradini
565 2921 801 3006 promotionem
830 2923 866 2987 in
888 2923 1105 2990 Romanorum
1133 2944 1245 3009 regem
1274 2922 1337 2987 vel‘
1353 2922 1415 2987 im·

158 3012 348 3096 peratorem,
372 3014 428 3076 aut
449 3011 629 3095 hujusmodi
652 3011 838 3076 tractatibus
861 3015 1081 3079 consenserint
1095 3013 1147 3078 181
1161 3013 1221 3079 hoc
1242 3032 1415 3098 procuran-

159 3099 245 3164 tibus
268 3099 391 3164 dabrmt
412 3100 586 3178 consilium,
610 3100 762 3166 auxilium
785 3102 837 3166 181
859 3103 1009 3182 favorem,
1034 3102 1124 3168 etin
1147 3102 1346 3187 omnesqui
1365 3099 1416 3166 'ad

160 3188 194 3253 id
216 3188 449 3290 procurandum
472 3190 524 3255 vel
547 3190 709 3275 agendum
732 3193 958 3271 convenerint,
983 3191 1317 3258 excommunicationis
1340 3211 1415 3256 sen·

160 3277 299 3343 tentiam
320 3280 559 3364 promulgamus
575 3282 609 3345 et
623 3279 838 3346 anathematis
862 3304 915 3347 eos
937 3282 1063 3348 vinculo
1087 3282 1246 3349 innodant
1247 3303 1292 3359 es,
1315 3282 1417 3345 terras

161 3389 271 3432 eorum
295 3367 501 3434 ecclesiastico
525 3369 694 3434 subicimus
716 3369 897 3436 interdicto
934 3370 967 3436 Si
991 3373 1046 3458 qui
1067 3393 1143 3437 vero
1166 3371 1237 3436 ad
1228 3370 1327 3456 rpsius
1350 3370 1416 3433 818-

159 3457 300 3522 ctionem
322 3458 542 3543 processerint,
565 3459 592 3523 si
614 3458 775 3544 principes
797 3460 927 3539 11181111,
951 3483 1004 3526 888
1021 3465 1054 3527 81
1068 3461 1203 3525 heredes
1219 3481 1327 3524 eorum
1342 3479 1416 3543 per·

151 3549 258 3631 petuo
288 3546 435 3612 omnibus
464 3547 630 3612 feudiset
659 3548 846 3626 honoribus,
878 3572 939 3634 que
969 3551 1009 3614 ab
1039 3551 1176 3616 ecclesiis
1198 3549 1250 3613 vel
1272 3545 1416 3633 personis

157 3635 380 3701 ecclesiasticis
403 3636 567 3716 obtinent,
599 3639 722 3702 ettam
739 3659 799 3703 eos
822 3659 918 3722 quam
939 3640 1161 3724 posteritatem
1185 3660 1294 3703 eorum
1316 3655 1416 3722 usque

144 3724 200 3794 „ad
224 3728 371 3810 quartam
394 3687 669 3827 generatioirem
656 3747 729 3828 Jure
753 3726 896 3812 eligendi
918 3728 1134 3795 Romanorum
1155 3749 1268 3814 regem
1290 3730 1417 3814 aposto·

160 3814 220 3878 lica
243 3815 398 3880 auctorita
399 3817 431 3879 te
455 3815 615 3901 privamus
638 3816 703 3880 81
694 3837 824 3900 insuper
848 3818 1030 3882 eorumdem
1053 3819 1135 3884 filios
1157 3817 1286 3883 clericos
1318 3829 1417 3901 usque

157 3903 201 3984 ad
224 3905 370 3988 quartam
393 3905 638 4007 generationem
659 3904 821 3970 reddimus
843 3928 971 3991 prorsus
993 3907 1151 3973 inhabiles
1174 3908 1214 3973 ad
1242 3906 1418 3991 dignitates

142 3993 214 4057 “rel
242 3991 398 4058 beneficia
429 3994 596 4059 ecclesiast
588 4016 635 4058 188
663 3993 720 4058 obt
705 3994 848 4061 tinenda.
885 3995 918 4060 Si
947 4019 1023 4063 1818
1054 3997 1205 4062 electores
1235 3993 1418 4096 hujusmodi

150 4082 278 4177 prelati
300 4082 461 4162 fuerint,
452 4103 521 4167 rpso
544 4084 629 4148 facto
652 4082 789 4167 depositi
798 4107 841 4149 88
856 4085 969 4151 nudati
983 4087 1172 4151 remaneant
1194 4084 1284 4150 omni
1306 4081 1417 4184 digni·

159 4173 229 4236 1818
253 4133 510 4274 archiepisdopali
533 4176 567 4236 et
590 4172 760 4257 episcopali
779 4176 812 4238 81
828 4174 917 4238 omni
940 4174 1148 4240 eeclesiastico
1166 4171 1372 4238 beneficio
1347 4193 1417 4236 81118

150 4282 216 4346 spe
239 4260 378 4326 18811111
354 4261 452 4327 tronis
474 4263 535 4326 aut
553 4264 627 4347 grat
628 4261 657 4326 ie
680 4262 787 4346 aliquo
805 4264 948 4348 tempore
968 4261 1417 4338 811118111801111188811811,

133 4375 135 4380 ’
161 4350 217 4435 qui
238 4350 381 4435 predicto
400 4349 581 4416 Conradiuo
605 4351 768 4416 88118111
790 4352 841 4416 vel
865 4353 969 4418 cidem
994 4352 1212 4438 impenderint
1243 4351 1418 4429 consilium,
1454 4395 1456 4400 ι

161 4440 315 4504 auxilium
346 4439 398 4503 vel
422 4440 564 4506 favorem
587 4442 698 4514 contra
717 4440 915 4507 carissimum
936 4443 973 4507 in
999 4441 1125 4507 Christo
1151 4441 1251 4507 filium
1274 4443 1420 4506 nostrum

162 4526 349 4617 C(arolum),
370 4551 484 4594 -verum
513 4551 626 4617 regern
655 4527 758 4596 Sicilie
782 4531 898 4597 asede
928 4531 1102 4617 apostolica
1130 4531 1353 4609 constitutum,
1383 4529 1419 4594 111

232 4641 315 4698 Ρ8888,
333 4639 455 4690 1111818818.
588 4689 594 4703 ‚
1227 4642 1259 4692 10
