3464 5280
1397 553 1458 614 139

206 712 364 778 uitionem
395 714 553 793 vestram,
591 716 688 798 prout
727 712 863 799 exigunt
894 712 1076 777 litterarum
1108 715 1141 778 et
1172 711 1460 777 instrumentorum

205 803 348 887 ipsorum
367 803 449 887 justi
472 805 505 867 et
526 803 734 868 rationabiles
757 806 904 880 tenores,
934 802 1141 885 impendant,
1172 822 1211 865 ex
1234 804 1326 886 parte
1349 804 1460 866 nostra

205 913 336 956 monere
368 894 401 956 et
430 891 580 956 inducere
611 892 776 956 studeatis.
823 891 914 971 Quod
947 892 974 955 si
1003 892 1090 956 infra
1119 893 1247 975 tempus
1276 889 1461 975 hujusmodi

205 981 321 1046 vestris
345 1003 411 1045 non
436 981 655 1064 acquieverint
677 981 808 1045 monitis
832 983 866 1044 et
888 981 1127 1045 inductionibus
1150 981 1185 1044 in
1204 979 1264 1045 hae
1279 982 1379 1064 parte,
1402 1000 1459 1044 vos

206 1074 323 1134 extunc
338 1070 374 1134 in
398 1070 541 1154 ipsorum
565 1069 746 1134 debitorum
769 1073 802 1133 et
824 1070 983 1154 majorum
1006 1070 1045 1133 de
1068 1069 1287 1148 conventibus,
1310 1068 1459 1154 capitulis

206 1161 239 1223 et
271 1159 555 1224 communitatibus
585 1160 720 1243 prefatis
750 1181 906 1244 personas
936 1159 1288 1237 excommunicationis,
1317 1159 1353 1222 in
1382 1179 1459 1223 oon·

205 1252 322 1313 ventus
345 1271 428 1327 vero,
452 1249 594 1333 capitula
622 1251 655 1312 et
683 1247 945 1325 communitates,
977 1270 1038 1332 que
1068 1248 1298 1312 contumaciter
1327 1247 1459 1313 monitis

188 1338 320 1402 'vestris
344 1337 495 1401 duxerint
516 1337 740 1416 resistendum,
764 1360 820 1402 vos
836 1338 888 1402 vel
905 1338 986 1401 alter
1009 1340 1151 1402 vestrum
1175 1358 1234 1421 per
1256 1359 1312 1402 vos
1335 1338 1385 1401 vel
1400 1358 1460 1421 per

207 1428 306 1492 alium
329 1449 385 1491 seu
410 1428 488 1492 alios
512 1427 675 1491 interdicti
699 1427 878 1492 sententias
902 1427 1113 1512 promulgetis
1137 1429 1170 1490 et
1192 1427 1317 1491 faciatis
1334 1448 1459 1491 excom-

205 1517 383 1581 municatos
407 1515 590 1600 hujusmodi
614 1517 654 1580 ab
678 1517 749 1581 aliis
774 1517 874 1580 artius
899 1516 1021 1580 evitari.
1067 1513 1099 1579 Si
1129 1537 1204 1580 vero
1234 1537 1460 1600 parmensem

204 1606 333 1670 easdem
357 1603 539 1670 sententias
559 1605 773 1670 sustinuerint
796 1606 904 1670 animo
926 1604 1085 1683 indurato,
1110 1627 1164 1669 eas
1187 1627 1288 1690 usque
1308 1604 1349 1670 ad
1363 1605 1459 1671 satis-

203 1695 377 1761 factionem
407 1695 616 1780 condignam,
647 1695 704 1760 ubi
736 1698 768 1759 et
798 1694 926 1779 qnando
957 1695 1106 1779 expedire
1136 1695 1293 1774 videritis,
1323 1696 1460 1779 pulsatis

204 1785 370 1868 campanis
394 1786 427 1847 et
449 1783 591 1848 candelis
615 1785 763 1863 accensis,
787 1784 914 1850 faciatis
938 1784 1159 1868 sollempniter
1181 1784 1346 1868 publicari.
1385 1785 1460 1849 Non

205 1873 409 1938 obstantibus
433 1872 575 1937 61116116
595 1873 839 1958 archiepiscopo,
864 1874 1078 1958 suffraganeis
1102 1874 1230 1938 6161116
1254 1874 1458 1958 quibuscum·

205 1985 266 2047 que
292 1985 310 2027 6
334 1963 407 2027 sede
433 1963 607 2045 apostolica
630 1961 673 2026 sit
695 1963 865 2040 indultum,
889 1963 974 2046 quod
998 1963 1281 2041 excommunicari,
1305 1963 1460 2047 suspendi

203 2052 255 2115 vel
278 2051 428 2116 interdici
451 2072 507 2116 scu
532 2055 622 2115 extra
645 2073 736 2116 suam
759 2053 958 2137 provinciam
980 2053 1032 2115 vel
1055 2051 1204 2116 diocesim
1221 2054 1277 2115 aut
1292 2051 1356 2116 alia
1371 2055 1459 2116 certa

202 2141 272 2206 1666
296 2140 509 2225 adjudicium
534 2140 658 2205 evocari
680 2163 747 2206 non
771 2141 897 2224 possint
920 2162 978 2225 per
1000 2141 1124 2205 litteras
1156 2141 1361 2224 apostolicas,
1391 2162 1459 2205 non

203 2229 359 2294 facientes
383 2230 515 2314 plenam
538 2231 571 2294 et
594 2251 779 2313 expressam
803 2252 839 2294 66
862 2230 900 2293 de
923 2230 1021 2294 verbo
1045 2228 1085 2294 ad
1116 2231 1248 2295 verbum
1271 2230 1310 2293 de
1333 2229 1459 2294 indulto

202 2317 386 2402 hujusmodi
413 2319 612 2383 mentionem
643 2341 678 2382 ae
708 2319 851 2404 predicta
880 2319 1109 2383 constitutione
1140 2319 1178 2384 de
1210 2319 1333 2384 duabus
1364 2318 1458 2384 dietis

202 2407 289 2471 edita
311 2408 347 2471 in
370 2408 503 2473 concilio
527 2408 681 2493 generali,
705 2408 877 2472 dummodo
900 2409 985 2472 ultra
1007 2408 1139 2472 tertiam
1163 2409 1214 2473 vel
1233 2411 1382 2494 quartam
1398 2408 1458 2474 ali-

203 2497 275 2580 quis
299 2499 389 2560 extra
412 2519 504 2561 suam
527 2497 679 2562 diocesim
703 2499 893 2562 auctoritate
916 2498 1116 2581 presentium
1148 2497 1188 2562 ad
1211 2498 1369 2582 judicium
1390 2519 1459 2562 666

201 2584 352 2650 trahatur
374 2589 407 2650 et
428 2586 493 2664 illa,
518 2608 615 2670 quam
637 2587 739 2652 felicis
762 2585 991 2650 recordatiouis
1014 2586 1223 2651 Innocentius
1246 2610 1350 2671 papa,
1383 2608 1458 2671 pre·
1497 2625 1499 2630 ·

202 2673 348 2739 decessor
370 2678 489 2754 noster,
522 2675 658 2742 edidisse
692 2675 883 2754 dinoscitur,
916 2675 955 2738 de
988 2675 1148 2759 aliquibus
1181 2697 1239 2760 per
1271 2677 1459 2761 generalem

202 2764 379 2828 clausulam
411 2764 542 2849 quidam
575 2766 630 2828 alii
662 2765 748 2828 ultra
780 2767 918 2848 quatuor
951 2764 990 2827 ad
1015 2765 1172 2847 judicium
1202 2785 1269 2829 non
1291 2763 1458 2830 trahendis

203 2853 270 2917 sive
304 2853 448 2937 qualibet
484 2855 547 2918 alia
578 2854 785 2937 indulgentia
816 2853 957 2937 predicte
991 2852 1082 2932 sedis,
1115 2876 1174 2938 per
1206 2876 1303 2938 quam
1327 2854 1458 2918 effectus

202 2943 403 3025 presentium
426 2942 575 3026 impediri
597 2943 705 3007 valeat
727 2942 779 3006 vel
795 2940 925 3019 differri,
948 2942 1084 3026 proviso,
1108 2945 1146 3007 ut
1161 2942 1265 3026 quoad
1281 2943 1459 3027 pontificali

203 3031 365 3116 dignitate
388 3030 530 3116 preditos
553 3032 589 3096 in
612 3052 779 3116 processu,
804 3031 832 3095 si
855 3031 926 3116 quis
949 3032 1048 3095 fuerit
1070 3035 1181 3096 contra
1205 3053 1259 3096 eos
1281 3031 1458 3111 habendus,

202 3120 322 3205 gradus
346 3123 379 3183 et
400 3119 557 3184 modestia
576 3121 670 3205 juxta
700 3120 963 3185 constitutionem
992 3120 1095 3185 felicis
1124 3120 1355 3187 recordationis
1381 3119 1457 3185 Ale-

201 3208 317 3273 xandri
339 3231 441 3293 pape,
466 3210 698 3293 predecessoris
729 3210 846 3288 nostri,
870 3209 1002 3273 omnino
1026 3212 1178 3276 servetur.
1225 3210 1346 3275 Datum
1370 3199 1466 3294 apud‘

202 3297 322 3362 Urbem
347 3299 497 3376 veterem,
520 3301 558 3366 V.
582 3299 646 3366 kal.
671 3298 791 3383 Aprilis
816 3320 902 3363 anno
919 3297 1030 3363 tertio.

807 3513 855 3576 15.

293 3654 433 3720 0166666
455 3656 517 3722 IV.
540 3657 674 3722 mundat
688 3659 842 3722 Ottotono
866 3679 891 3721 c.
906 3656 1052 3721 661νί666·
1074 3657 1205 3720 diacono
1229 3656 1398 3736 6666116616·Ί
1422 3666 1460 3722 61

201 3764 273 3828 61161
294 3763 492 3828 111666νά666
508 3765 543 3828 iu
558 3784 663 3848 repom
677 3765 902 3829 1166666666
918 3763 1056 3841 alestam,
1078 3773 1116 3827 61
1137 3763 1306 3848 apostolico
1329 3785 1362 3828 66
1384 3784 1458 3828 666-

199 3873 319 3954 spretui
341 3879 535 3954 representet.
558 3871 597 3953 of.
620 3871 680 3934 Nr.
704 3870 778 3938 529.
833 3869 1017 3951 Vaterno,
1040 3870 1152 3952 1266Ι
1168 3871 1270 3954 Apr-
1293 3871 1360 3937 30.

291 4011 481 4097 0(ttobono)
492 4012 596 4075 sancti
610 4009 745 4076 Adriani
754 4011 887 4076 diacono
897 4011 1052 4075 cardinali
1061 4012 1233 4095 apostolice
1244 4012 1328 4075 sedis
1338 4012 1457 4098 legato.

200 4100 240 4164 In
250 4101 383 4185 negotio
395 4100 532 4186 imperii,
547 4101 582 4164 in
597 4121 660 4184 quo
669 4101 825 4165 carissimu
834 4101 870 4164 16
881 4099 1007 4164 Christo
1024 4099 1082 4164 filii
1097 4100 1200 4163 nostri
1211 4100 1389 4185 A(lfonsus)
1400 4123 1458 4166 rex

202 4186 339 4252 Castelle
356 4210 392 4254 ac
401 4189 553 4274 Legionis
568 4189 703 4253 illustris
714 4192 746 4253 et
755 4189 934 4267 Riceardns,
950 4189 986 4252 in
996 4188 1213 4253 Romanorum
1227 4210 1339 4274 regem
1355 4190 1460 4268 electi,

196 4277 250 4361 jus
275 4277 337 4341 sibi
359 4299 418 4362 per
442 4278 622 4355 electiones,
647 4300 726 4362 quas
750 4279 789 4342 de
813 4299 846 4342 se
870 4277 1046 4342 celebratas
1070 4280 1226 4355 asserunt,
1249 4278 1422 4344 vendicant
1437 4302 1460 4343 a

201 4366 303 4431 felicis
326 4366 555 4431 recordationis
579 4367 711 4432 Urbano
734 4389 835 4452 papa,
859 4366 1080 4451 predecessore
1104 4369 1229 4445 nostro,
1253 4366 1373 4432 dudum
1396 4368 1460 4432 sub

200 4459 287 4519 certa
310 4457 414 4520 forma
437 4456 547 4520 citatio
572 4457 749 4533 emanavit,
780 4459 817 4519 ut
839 4455 937 4520 iidem
962 4455 1054 4519 electi
1076 4477 1182 4520 eoram
1206 4456 1317 4520 eodem
1340 4456 1458 4540 prede·

200 4565 322 4608 oessore
355 4566 413 4627 per
442 4548 665 4628 procuratores
695 4545 827 4609 idoneos
857 4547 943 4608 certo
973 4544 1112 4608 termino
1139 4548 1372 4629 comparerent,¹
1413 4545 1461 4622 Et
