3404 5280
595 539 782 589 ussurus
800 542 839 590 ιν.
862 542 937 591 raca.
1028 575 1031 582 .
1371 540 1428 600 25,

162 700 270 798 Q

321 827 465 888 assistant.
480 861 525 870 -
540 827 673 898 „Terram
689 830 843 889 sanctam“.
859 828 959 888 X.lral.
969 829 1042 889 Nov.
1056 826 1096 885 74
1106 845 1134 902 p.
1146 828 1232 887 241).
1292 829 1328 888 In
1342 849 1414 890 em.

321 916 459 992 pluribus
473 918 540 978 aliis
553 935 607 992 pro
622 917 688 976 aliis
703 917 740 976 ad
755 918 956 978 idemrmunus
971 917 1098 976 delectis.
1348 925 1414 980 293

160 1021 222 1080 Oct.
247 1023 297 1081 23.
320 1023 1413 1101 ApudUrbemveterem.MagistroMiloniscriptorietnuntionostro

320 1113 480 1172 inibancie
495 1115 526 1172 et
540 1114 648 1190 Anglie
657 1116 766 1191 regnis.
785 1113 867 1184 Quod
877 1115 954 1172 cives
963 1114 1102 1172 Senenses
1111 1115 1238 1172 castrum
1248 1113 1414 1174 Rcdicofani

320 1202 357 1262 ad
372 1203 518 1262 ecclesiam
534 1203 693 1263 Romanam
710 1205 860 1278 pertinens
874 1203 1020 1263 hostiliter
1037 1203 1216 1262 invaserunt.
1233 1237 1276 1246 —
1292 1203 1412 1275 „clnnu

320 1291 353 1352 X.
369 1291 427 1351 kal.
443 1292 516 1353 ch.
534 1293 552 1352 8
569 1312 598 1368 p.
616 1293 656 1352 82
672 1293 726 1376 1),.
1348 1298 1413 1354 297

182 1438 200 1469 ,,
248 1397 299 1458 23.
388 1439 406 1470 ,,
496 1399 646 1459 Universis
661 1397 889 1474 archiepiscopis,
905 1401 1046 1475 episcopis
1056 1401 1110 1460 etc.
1120 1419 1173 1475 per
1181 1418 1273 1477 regna
1282 1399 1411 1470 Castelle,

319 1486 464 1564 Legionis.
480 1488 523 1547 De
538 1489 658 1566 negotio
667 1488 783 1565 imperii
794 1490 1106 1565 constantinopolitam
1121 1491 1319 1564 conquenitur,
1335 1488 1413 1565 quod

321 1578 428 1637 nuntio
443 1577 600 1653 apostolico
614 1577 651 1636 ad
666 1577 732 1637 illos
748 1578 857 1638 directo
871 1597 925 1653 pro
940 1578 1133 1638 subventione
1149 1579 1221 1638 dicti·
1228 1578 1413 1654 imperiinon

320 1668 444 1742 recepte,
459 1685 560 1727 vocem
575 1667 778 1742 appellationis
792 1667 829 1726 ad
843 1687 949 1743 papam
962 1670 1124 1738 emiserint;
1134 1667 1261 1741 mandat,
1276 1670 1313 1727 ut
1321 1668 1413 1728 velint

319 1752 395 1814 dicte
417 1756 613 1816 subventioni
640 1758 739 1831 presto
774 1775 843 1816 esse.
874 1790 915 1800 —
955 1756 1077 1830 „cumn
1111 1756 1146 1816 X.
1176 1757 1234 1818 lral.
1264 1757 1338 1818 Nor.
1370 1757 1411 1816 26

316 1862 345 1919 p.
363 1845 403 1904 86
419 1846 473 1930 D1.
1347 1852 1413 1907 293

173 1947 203 2022 (,,
251 1950 315 2027 23.)
376 1951 418 2029 (,,)
493 1953 634 2030 Magistro
649 1952 765 2012 carino.
788 1952 837 2014 ,De
852 1953 962 2013 eodem.
994 1952 1034 2012 27
1051 1972 1080 2028 p.
1102 1953 1143 2011 86
1159 1953 1211 2038 D1.
1346 1960 1412 2015 299
1511 1977 1515 1984 ·

181 2096 199 2125 ,,
247 2057 297 2116 25.
387 2101 404 2130 ,,
494 2057 704 2120 Archidiaoono
720 2061 751 2118 et
764 2059 880 2119 officiali
892 2059 1086 2120 [trecensium.
1102 2061 1142 2119 Ut
1156 2061 1276 2120 comites
1291 2048 1412 2120 etc'Se·

319 2165 462 2208 nonenses
477 2148 533 2208 sub
542 2151 846 2209 excommunicationis
859 2150 1005 2209 sententia
1012 2151 1099 2228 cogat
1111 2150 1266 2209 restituere
1274 2153 1413 2226 pecunias

320 2237 458 2312 quasdam
473 2237 682 2298 mercatoribus
690 2238 873 2308 Senensibus,
882 2238 926 2310 ab
940 2240 1012 2314 ipsis
1020 2241 1125 2299 mutuo
1134 2241 1273 2314 acceptas.
1283 2273 1325 2283 -
1336 2239 1412 2310 „Dii

318 2325 361 2386 fil.
376 2327 609 2387 Bonavcntura“.
624 2328 704 2388 VIII.
720 2328 777 2388 kal.
793 2329 867 2388 Nov.
885 2328 924 2385 29
942 2346 971 2403 p.
989 2328 1006 2386 8
1024 2327 1057 2386 D.
1128 2329 1166 2386 In
1180 2345 1205 2388 e.
1220 2347 1259 2388 m.
1275 2328 1413 2406 pluribus

180 2562 198 2592 „
246 2519 297 2580 31.
387 2565 404 2596 „
493 2524 520 2583 J.
538 2542 560 2584 s.
576 2525 687 2584 Nicoloi
702 2525 854 2583 incarcere
863 2523 997 2583 Tulliano
1005 2523 1076 2582 diac.
1086 2521 1161 2582 card.
1172 2523 1278 2583 rectori
1288 2523 1412 2585 Sabinis.

318 2611 358 2670 Ut
372 2613 499 2672 castrum
508 2613 650 2673 Octonelli
660 2613 825 2673 Sabinensis
840 2611 959 2672 diocesis
973 2612 1168 2672 revocandum
1181 2615 1264 2672 curet
1272 2612 1309 2672 ad
1318 2613 1412 2673 domi·

319 2703 403 2760 nium
425 2703 557 2774 ecclesie,
578 2703 657 2778 quod
672 2723 689 2760 a
703 2703 807 2762 Raullo
827 2702 904 2760 dioto
920 2702 1030 2775 Surdo,
1053 2703 1115 2763 civo
1129 2701 1266 2775 Romano,
1282 2702 1412 2762 indebite

320 2793 486 2867 occupatur.
505 2824 544 2835 -
562 2792 637 2863 „Dil.
653 2791 713 2852 fil.“
728 2794 766 2852 Π.
781 2790 839 2850 kal.
856 2791 930 2852 Nov.
949 2791 988 2849 12
1005 2811 1034 2867 p.
1052 2792 1092 2850 83
1109 2792 1162 2876 1)..
1346 2798 1411 2852 301

155 2913 232 2972 Nov.
265 2915 293 2973 5.
382 2957 399 2987 „
488 2917 563 2995 Regi
583 2917 760 2976 Francorum
782 2917 901 2977 illustri.
931 2917 970 2975 Ut
988 2934 1089 2992 paoem
1102 2897 1241 2991 procuret
1254 2917 1333 2976 inter
1347 2916 1411 2992 epi·

320 3021 440 3080 scopum
450 3007 681 3065 cameracensem
689 3009 720 3065 et
728 3007 880 3066 dominum
895 3005 931 3064 de
941 3005 1089 3065 buchiaoo.
1099 3005 1412 3078 —„(lumhabea1is“.

320 3113 387 3154 non.
403 3095 478 3156 Nov.
497 3097 536 3155 51
552 3115 582 3171 p.
600 3095 639 3154 12
656 3096 691 3158 D.
826 3157 828 3168 ¹
1346 3100 1411 3155 302

182 3240 199 3271 ,,
269 3200 298 3261 9.
387 3244 404 3272 ,,
493 3202 703 3262 Archidiaoono
718 3204 749 3262 ct
763 3202 879 3262 officiali
893 3203 1086 3262 Trecensium.
1110 3202 1150 3260 Ut
1164 3200 1412 3279 archiepiscopum

320 3290 533 3364 turonensem,
558 3291 716 3351 nonnullos
736 3292 933 3369 suffraganeos
947 3294 1001 3352 eto.
1017 3294 1103 3369 cogat
1116 3290 1153 3349 ad
1177 3290 1410 3350 satisfaciendum

320 3379 496 3454 quibusdam
512 3381 721 3440 mercatoribus
737 3382 921 3453 Senensibus,
936 3400 954 3438 a
969 3381 1078 3456 quibus
1086 3382 1225 3456 pecunias
1240 3381 1345 3440 mutuo
1360 3397 1408 3438 ao·

320 3472 462 3544 ceperant
479 3505 522 3514 -
538 3471 662 3543 „Dilecti
677 3471 757 3529 filii“.
773 3472 806 3531 V.
817 3471 855 3529 id.
865 3471 938 3530 Nor.
951 3470 990 3529 61
1001 3490 1030 3546 p.
1043 3471 1082 3528 18
1093 3469 1128 3529 D.
1189 3471 1225 3527 In
1234 3487 1258 3527 e.
1268 3469 1412 3543 m.pluri·

319 3558 376 3618 bus
390 3560 463 3619 aliis.
1203 3562 1207 3570 '
1346 3563 1412 3618 303

182 3704 200 3733 ,.
250 3665 298 3725 10.
388 3709 404 3738 ,,
494 3668 609 3726 Decano
633 3669 664 3725 et
687 3665 802 3726 officiali
824 3665 1075 3742 Lugdunensium.
1100 3665 1143 3723 Dc
1165 3665 1334 3740 camparino
1359 3666 1411 3722 eto.

321 3755 434 3816 civibus
453 3756 630 3815 Florentinis
652 3756 689 3814 ad
709 3755 858 3814 ecclesiam
877 3755 1009 3814 reversis.
1025 3787 1067 3797 -—
1084 3754 1179 3825 „Olim
1200 3757 1232 3813 in
1254 3753 1301 3814 dic
1317 3757 1411 3813 cene“.

320 3845 390 3904 ΠΠ.
404 3845 444 3905 id.
459 3846 533 3906 Nov.
551 3846 590 3904 50
606 3864 635 3920 p.
654 3847 693 3903 12
709 3846 744 3904 D.
1346 3847 1413 3904 804

174 3946 204 4021 („
254 3949 316 4027 11.)
376 3952 419 4030 (,,)
493 3949 1454 4033 Ρ.18,710εΕρίεοοροΕθηεήθηεὶΒθεοάωη.17ρ.841)1.305“

181 4099 199 4130 ,,
249 4057 298 4116 12.
387 4102 404 4132 ,,
494 4057 594 4119 Nobili
608 4059 671 4118 viro
687 4057 1006 4118 dominodecuohiaoo.
1022 4058 1067 4116 Ne
1081 4060 1304 4128 matremsuam‚
1320 4056 1411 4115 ecclc·

320 4148 393 4208 siam
399 4148 639 4218 cameracensem,
645 4150 848 4223 prosequatur,
865 4148 1063 4222 contraquam
1073 4165 1209 4222 guerram
1219 4147 1358 4206 moverat.
1368 4178 1413 4188 —

320 4237 456 4310 „Utinam
471 4238 541 4297 fili‘fl
571 4238 610 4296 Π.
625 4236 663 4296 iu
679 4238 753 4297 Nov.
771 4238 811 4296 53
827 4256 855 4312 p.
875 4236 913 4294 17
931 4236 965 4295 D.
1346 4239 1412 4304 303

181 4404 198 4434 ,,
248 4360 298 4421 17.
387 4402 407 4434 „
494 4361 594 4420 Nobili
608 4361 726 4420 mulieri
741 4361 829 4420 matri
837 4359 947 4419 domini
957 4358 992 4418 de
1002 4358 1149 4419 Ouohiaco.
1164 4359 1204 4418 Ut
1212 4357 1315 4417 natum
1324 4376 1413 4417 suum

319 4450 439 4510 inducat
460 4450 497 4509 ad
520 4450 719 4509 desistendum
734 4469 751 4508 a
765 4450 965 4526 persecutione
986 4448 1112 4524 episcopi
1135 4448 1353 4508 Cameracensis.
1367 4477 1412 4492 -

320 4538 457 4613 „0fficii“.
487 4540 546 4600 XV.
562 4539 701 4599 lrel.Deo.
720 4540 760 4597 54
775 4559 804 4615 p.
823 4538 861 4597 17
879 4539 914 4598 D.
1345 4541 1411 4603 307
