3464 5280
295 532 356 592 126

292 688 367 752 dam
391 685 631 752 Aldebrundino
653 685 745 776 [Gaza
775 687 898 768 comite,
927 691 1020 774 petre
1051 711 1088 753 ac
1109 689 1262 753 iratribus
1285 688 1358 766 tuis,
1382 687 1546 772 quondam

291 776 464 854 Friderico,
495 777 572 841 olim
594 777 812 842 Romanorum
842 779 1029 863 imperatori
1059 780 1092 843 et
1116 777 1261 842 Conrado
1292 789 1327 841 ac
1357 778 1428 842 aliis
1458 776 1526 840 nat'

178 882 182 889 ’
292 866 435 950 ejusdem
458 866 608 931 Friderici
631 867 874 946 adherentibus,
905 867 1036 951 quidam
1067 889 1106 932 ex
1128 866 1279 952 predictis
1302 867 1366 932 tuis
1389 865 1544 931 iratribus

291 957 332 1021 ab
356 956 468 1020 eodem
492 955 630 1020 Corrado
654 955 963 1041 archiepiscopatum
980 956 1190 1022 Ousentinum
1214 957 1253 1020 de
1276 958 1292 1019 f
1327 959 1360 1020 to
1384 957 1444 1020 tibi
1466 975 1544 1018 con-

291 1045 360 1109 cedi
376 1044 524 1124 obtinuit,
548 1068 644 1129 quem
666 1048 702 1110 tu
724 1045 884 1129 recipiens
901 1069 993 1129 exeo
1010 1045 1197 1130 aliquandiu
1220 1045 1363 1110 redditus
1385 1044 1545 1128 recepisti.

291 1135 497 1199 Postmodum
528 1157 603 1201 vero
631 1135 667 1199 in
696 1137 809 1199 mortis
839 1137 1031 1201 constitutus
1062 1136 1211 1213 articulo,
1242 1135 1333 1200 fuisti
1362 1133 1544 1219 aquodam

291 1225 470 1308 presbitero
494 1224 533 1288 ab
558 1225 893 1289 excommunicationis
917 1227 1094 1304 sententia,
1125 1246 1222 1308 quam
1251 1227 1386 1310 propter
1408 1225 1468 1288 hoc
1489 1222 1543 1286 in·

291 1333 443 1392 curreres,
462 1314 557 1398 juxta
580 1315 717 1378 formam
741 1315 870 1378 ecclesie
895 1315 1075 1392 absolutus,
1106 1315 1188 1379 sicut
1216 1313 1314 1399 plene
1344 1313 1437 1378 nobis
1467 1333 1545 1376 con·

292 1403 377 1466 stitit
399 1425 458 1488 per
480 1403 643 1488 publicum
666 1405 926 1469 instrumentum.
973 1404 1052 1469 Cum
1076 1405 1178 1490 igitur
1200 1405 1320 1487 prefati
1343 1403 1450 1467 delicti
1472 1424 1544 1465 ma·

292 1491 370 1571 cula,
394 1494 550 1557 virtutum
573 1497 716 1580 purgata
739 1495 872 1572 lavacro,
896 1494 1098 1558 nobilitatem
1117 1493 1247 1578 generis
1270 1514 1395 1557 morum
1417 1492 1545 1555 munies

291 1580 461 1647 honestate
485 1587 582 1666 etque
606 1585 646 1647 ed
669 1584 878 1648 obtinendam
898 1584 1039 1668 predicte
1055 1583 1140 1647 sedis
1155 1583 1296 1667 gratiam
1311 1581 1395 1646 dono
1412 1582 1544 1646 scientie

292 1692 329 1735 ac
351 1671 504 1736 laudabili
526 1671 762 1758 fidedignorum
785 1674 969 1737 testimonio
997 1673 1173 1757 adjuveris,
1203 1694 1262 1736 nos
1286 1675 1340 1736 tue
1364 1671 1545 1737 devotionis

292 1762 440 1845 precibus
458 1761 613 1841 inclinati,
633 1763 867 1827 absolutionem
883 1763 1066 1848 hujusmodi
1082 1761 1310 1848 approbantes,
1326 1764 1432 1825 tecum
1448 1781 1547 1844 super

292 1851 539 1936 irregularitate,
564 1873 660 1935 quam
684 1853 798 1917 exinde
822 1853 1018 1916 contraxisse
1042 1852 1232 1929 dinosceriS,
1256 1853 1445 1915 auctoritate
1468 1872 1545 1935 pre·

292 1939 377 2005 dicta
407 1940 646 2026 dispensamus,
676 1942 722 2005 ita
752 1941 836 2026 quod
866 1942 926 2006 hoc
955 1964 1022 2006 non
1052 1943 1201 2006 obstante
1228 1942 1332 2026 possis
1355 1941 1546 2005 beneficium

293 2030 548 2110 ecclesiasticum,
573 2031 657 2115 quod
673 2032 808 2110 obtines,
832 2031 917 2095 licite
932 2033 1072 2095 retinere
1090 2031 1182 2097 acad
1198 2052 1430 2115 quamcumque
1448 2030 1546 2093 etiam

293 2119 508 2206 episcopalem
533 2120 610 2206 eligi
633 2120 842 2207 dignitatem,
867 2143 963 2205 quam
986 2123 1071 2186 licite
1095 2121 1237 2205 recipere
1261 2122 1369 2185 valeas
1393 2124 1426 2184 et
1449 2140 1546 2204 super

293 2212 339 2274 eis
363 2232 400 2275 ac
423 2212 521 2274 etiam
544 2212 740 2294 quibuslibet
763 2211 884 2297 gratiis,
909 2236 928 2275 a
950 2213 982 2276 te
1007 2211 1047 2275 ab
1077 2210 1189 2275 eadem
1219 2210 1293 2274 sede
1323 2209 1465 2274 obtentis
1493 2208 1547 2272 vel

294 2300 392 2364 etiam
408 2301 601 2380 obtinendis,
624 2301 788 2365 occasione
803 2301 986 2386 hujusmodi
1001 2301 1126 2365 nullum
1146 2299 1207 2365 tibi
1228 2302 1326 2383 queat
1347 2298 1546 2363 obstaculum

293 2389 467 2475 interponi,
492 2389 576 2474 quod
600 2389 640 2454 ad
663 2392 902 2457 restitutionem
924 2391 1141 2477 predictorum
1164 2389 1347 2454 reddituum
1370 2411 1427 2453 seu
1450 2388 1545 2455 satis·

292 2481 473 2560 factionem,
497 2480 536 2544 de
558 2481 638 2565 ipsis
662 2482 756 2545 alicui
778 2481 966 2560 faciendam,
990 2482 1122 2545 minime
1146 2481 1286 2545 tenearis
1303 2503 1362 2544 nec
1378 2481 1417 2544 ad
1433 2479 1465 2545 id
1481 2479 1546 2544 ullo

292 2573 438 2656 tempore
462 2571 566 2655 possis
589 2573 765 2656 apostolica
787 2572 838 2637 vel
862 2575 974 2657 quavis
998 2572 1186 2638 auctoritate
1210 2571 1359 2655 compelli
1384 2569 1547 2634 devotioni

292 2663 348 2725 tue
371 2661 596 2727 nichilominus
619 2663 839 2727 concedentes.
883 2664 975 2729 Nulli
1004 2684 1082 2748 ergo
1108 2663 1240 2726 omnino
1263 2661 1430 2726 hominum
1452 2660 1546 2724 liceat

293 2755 402 2816 nostre
426 2752 676 2837 dispensationis
700 2756 733 2818 et
754 2754 966 2818 concessionis
981 2754 1065 2817 hanc
1079 2755 1236 2838 paginam
1251 2752 1433 2836 infringere
1449 2749 1499 2816 vel
1515 2748 1546 2814 ei

294 2865 374 2908 ausu
396 2845 566 2908 temerario
589 2844 756 2912 contraire.
780 2841 813 2907 Si
836 2844 907 2927 quis
931 2848 1039 2911 autem
1061 2842 1122 2906 hoc
1145 2847 1305 2910 attentare
1329 2842 1548 2928 presumserit,

293 2932 554 3018 indignationem
577 2935 810 3020 omnipotentis
833 2934 885 2997 dei
908 2939 941 3001 et
963 2936 1130 3002 beatorum
1146 2937 1234 3002 Petri
1252 2937 1285 3004 et
1300 2933 1392 2998 Pauli
1415 2935 1545 3016 aposto·

293 3026 396 3090 lorum
413 3024 481 3178 ejrqs
497 3047 530 3095 se
547 3032 674 3096 noverit
695 3032 904 3096 incursurum.
928 3029 1048 3094 Datum
1071 3027 1233 3108 Laterani,
1257 3035 1294 3098 V.
1317 3029 1358 3095 id.
1382 3025 1547 3094 Februarii

294 3134 381 3187 anno
404 3122 436 3186 te
469 3115 509 3179 io.

908 3267 937 3331 7.

383 3395 568 3461 Alccoedcr
583 3395 646 3461 IV.
661 3397 801 3479 episcopo
817 3396 1045 3479 Ratiqroncesi
1055 3398 1200 3479 precipit,
1223 3418 1262 3460 ue
1280 3399 1383 3481 poscit
1404 3395 1547 3460 ulteriore

293 3513 410 3582 cosmo,
433 3521 491 3584 quc
513 3501 599 3567 utico
621 3525 642 3566 a
665 3502 823 3585 Dipoldo,
847 3503 1027 3566 marchione
1049 3503 1086 3566 de
1118 3503 1280 3587 Voheburp
1295 3505 1433 3586 suerum
1455 3523 1545 3568 occu-

290 3619 379 3695 pato.
402 3610 440 3693 cf.
464 3609 523 3679 Nc.
547 3614 620 3682 126.
676 3611 859 3690 Vitcrbic',
881 3608 989 3675 1257
1010 3611 1116 3692 Accp.
1139 3610 1204 3675 13.

384 3749 542 3835 Episcopo
556 3751 794 3835 Ratisponensi.
834 3751 883 3814 Ad
900 3751 1097 3816 audientiam
1113 3753 1257 3814 nostram
1273 3751 1429 3834 pervenit,
1454 3747 1546 3834 quod,

294 3860 367 3903 cum
390 3841 529 3903 castrum
552 3840 592 3904 de
615 3841 840 3905 Hohemburch
863 3863 934 3904 curn
958 3840 1022 3905 suis
1052 3839 1249 3924 appenditiis
1280 3840 1319 3904 ab
1350 3840 1483 3923 antiquo
1506 3838 1547 3903 ad

295 3928 461 3993 ecclesiam
491 3929 761 4015 Retisponensem
791 3930 999 4014 proprietatis
1031 3931 1125 3994 t'tulo
1155 3929 1348 4014 pertineret,
1381 3928 1547 4013 Dipoldus,

176 4099 178 4104 Ι
295 4018 436 4082 marchio
451 4017 490 4082 de
508 4019 706 4096 Voheburch,
730 4021 762 4082 et
785 4018 918 4082 heredes
942 4020 992 4083 sui
1014 4021 1153 4082 castrum
1175 4019 1283 4103 ipsum
1307 4018 1430 4103 aliquot
1453 4018 1547 4082 annis

295 4107 512 4186 detinuerunt,
528 4130 587 4193 per
602 4109 789 4173 violentiam
804 4110 1001 4192 occupatum,
1018 4109 1068 4171 cui
1083 4108 1260 4171 marchioni
1275 4130 1346 4171 cum
1356 4106 1547 4172 Berhtoldus

296 4198 329 4259 εὴ
351 4197 467 4260 trabes
491 4198 542 4261 sui
564 4197 768 4282 postmodum
794 4197 1020 4261 successissent
1036 4200 1068 4261 et
1083 4196 1203 4260 dictum
1226 4200 1364 4261 castrum
1388 4219 1459 4261 curn
1482 4195 1547 4260 suis

296 4285 502 4369 pertinentiis
526 4285 718 4365 detinerent,
742 4287 874 4351 tandem
890 4285 992 4350 dictus
1008 4284 1202 4349 Berhtoldus
1222 4286 1284 4370 jus,
1309 4285 1393 4370 quod
1418 4285 1549 4350 ecclesie

295 4374 368 4459 ipsa
390 4373 426 4438 in
449 4373 569 4439 eisdem
587 4376 728 4441 habebat
743 4379 846 4440 castro
861 4378 893 4438 et
908 4375 1123 4460 pertinentiis,
1145 4396 1386 4462 recognoscens
1409 4376 1548 4440 castrum

296 4463 403 4547 ipsum
427 4483 499 4527 curn
522 4466 587 4530 suis
611 4465 808 4551 appenditiis
833 4489 852 4528 a
874 4465 959 4529 bone
988 4464 1140 4528 memorie
1163 4460 1294 4543 Sifrido,
1318 4463 1549 4550 Ratisponensi

297 4553 456 4637 episcop0,
472 4552 695 4637 predecessore
711 4556 775 4636 tu0,
791 4554 913 4638 recepit
921 4553 957 4617 in
972 4553 1104 4619 feudum
1120 4554 1152 4617 et
1167 4553 1204 4618 in
1218 4554 1548 4639 recompensationem
