3464 5280
1381 553 1382 559 1
1413 508 1475 569 125

223 669 406 749 comitibus,
438 666 628 746 baronibus,
660 665 815 732 militibus
847 668 880 730 et
903 667 974 732 aliis
999 664 1118 731 Christi
1140 665 1286 732 fidelibus
1309 668 1478 752 presentes

223 759 347 824 litteras
370 757 572 844 inspecturis.
618 756 753 821 Noverit
738 757 968 822 tuniversitas
991 759 1116 835 vestra,
1140 756 1224 840 quod
1248 777 1307 820 nos
1329 755 1476 820 conside-

222 851 333 912 rantes
355 849 533 932 puritatem
556 844 645 924 fidei,
676 845 855 911 devotionis
883 847 1041 910 fervorem
1064 846 1173 910 dilecti
1194 845 1253 910 filii
1275 845 1392 910 nobilis
1415 844 1477 910 viri

222 936 367 1023 Philippi
383 937 421 1002 de
437 936 533 1002 Sanct
535 959 554 1000 a
520 934 680 1013 tOruce,
694 935 804 1000 Baroli
820 938 853 999 et
867 935 1032 1020 Monopoli
1051 958 1108 1019 pro
1110 935 1261 1014 thontini,
1277 935 1475 1011 donationes

222 1027 444 1091 concessiones
467 1048 523 1090 seu
546 984 722 1089 confirniat'
699 1028 804 1089 tiones
827 1024 866 1088 de
889 1027 976 1088 terra
1000 1023 1200 1104 Cannarum,
1226 1024 1363 1103 (laureti,
1386 1022 1477 1089 Elicii

223 1116 437 1180 etArricarri
467 1113 580 1179 castris
610 1136 666 1178 seu
697 1113 869 1193 casalibus,
893 1114 1022 1179 11111111
1044 1117 1131 1178 terra
1154 1115 1240 1193 Bari,
1264 1135 1324 1178 nec
1346 1134 1414 1177 non
1436 1112 1475 1176 de

222 1137 369 1269 domibus
392 1204 514 1269 fundici
536 1204 646 1267 Baroli
670 1207 702 1268 et
723 1203 819 1267 domo
837 1163 939 1282 Cirris,
964 1226 1060 1288 quam
1083 1203 1189 1268 tenuit
1203 1203 1393 1268 Ribaldinus
1416 1223 1476 1287 pro

221 1295 368 1396 tempore
400 1294 436 1358 in
467 1291 602 1358 fundioo
629 1293 765 1379 depuat
766 1315 826 1372 am,
859 1296 892 1357 et
918 1295 1039 1356 terram
1067 1315 1199 1358 vacuam
1230 1295 1319 1358 extra
1349 1294 1476 1376 portam

224 1386 328 1448 1111111
301 1382 519 1448 bLeonardi
550 1382 590 1445 de
619 1383 754 1462 Barolo,
789 1403 924 1466 quorum
955 1386 1131 1466 proventus
1164 1382 1476 1468 quadringentarum

221 1474 389 1537 unciarum
413 1472 483 1536 auri
505 1492 663 1536 summam
687 1471 782 1536 annis
806 1472 943 1556 singulis
967 1472 1072 1536 valere
1087 1471 1198 1536 dicunt
1184 1475 1244 1551 tur,
1261 1476 1294 1536 et
1280 1471 1348 1536 tde
1372 1470 1475 1534 officio

220 1561 484 1646 prothontinatus
500 1560 665 1625 Barolit
632 1585 649 1625 1
650 1561 849 1646 tMonopoli
864 1559 1080 1645 predictorum
1096 1561 1180 1626 1111
1197 1553 1333 1625 fratrum
1350 1562 1475 1625 nostro-

222 1673 296 1714 rum
319 1651 451 1716 consilio
475 1649 622 1715 duximus
646 1650 818 1728 faciendas,
842 1650 980 1714 maxime
1005 1650 1088 1734 quod
1108 1651 1140 1714 id
1156 1651 1293 1715 vidimus
1318 1649 1476 1734 expedire,

222 1761 295 1804 cum
317 1742 405 1806 utilit
407 1763 441 1804 as
464 1739 697 1823 obsequiorum,
722 1762 783 1823 que
799 1740 868 1823 ipse
885 1740 921 1804 in
936 1742 1037 1826 negot
1037 1741 1068 1804 io
1083 1763 1178 1826 regni
1169 1739 1296 1805 Sicilie
1312 1738 1475 1804 redeundo

223 1830 264 1894 ad
288 1829 491 1895 devotionem
515 1830 643 1894 ecclesie
666 1829 787 1908 tribuit,
810 1829 871 1893 hoc
894 1832 1080 1914 exposceret
1102 1835 1135 1893 et
1157 1852 1216 1916 pro
1240 1851 1277 1894 eo
1300 1829 1474 1894 necessitas

222 1919 380 1998 suaderet,
403 1919 479 2003 quia
502 1919 632 1983 nomine
647 1919 791 1983 Romane
816 1919 944 1983 ecclesie
969 1919 1030 1984 sibi
1052 1923 1130 1983 tunc
1151 1920 1344 2005 promissum
1368 1918 1475 1982 extitit

222 2031 320 2094 super
342 1970 435 2073 binis
459 2011 551 2092 prela
532 2012 578 2072 1
600 2030 695 2094 regnr
719 2008 757 2072 de
781 2009 930 2072 omnibus
954 2008 1112 2093 dampnis,
1136 2031 1198 2094 que
1221 2032 1281 2095 pro
1305 2007 1473 2073 devotione

222 2098 295 2198 ipsa
318 2098 502 2176 incurreret,
526 2101 708 2164 servaretur
731 2097 925 2182 indempnis.
973 2098 1055 2178 Quia
1085 2119 1161 2164 vero
1186 2120 1245 2163 nos
1269 2098 1330 2163 sibi
1353 2096 1473 2200 promi-

222 2189 321 2253 simus
337 2187 536 2265 donationes,
559 2187 778 2252 concessiones
795 2189 827 2251 et
843 2187 1100 2251 confirmationes
1116 2187 1299 2272 hujusmodi
1314 2187 1375 2252 sibi
1391 2179 1473 2252 suis·

223 2299 285 2362 que
308 2277 480 2341 heredibus
503 2298 562 2360 per
584 2299 688 2364 reges,
711 2277 819 2362 ipsum
834 2298 972 2362 regnum
989 2302 1008 2341 a
1024 2279 1152 2361 prefata
1167 2281 1317 2343 tenentes
1334 2277 1473 2354 ecclesia,

221 2369 328 2431 facere
351 2365 544 2431 inviolabilit
529 2369 579 2430 ter
602 2367 773 2445 observari,
797 2367 918 2450 prout
909 2389 945 2430 111
963 2366 1146 2451 apostolicis
1166 2368 1353 2454 privilegiis,
1379 2388 1476 2452 super

222 2455 282 2520 hoc
305 2456 409 2521 eidem
432 2457 599 2536 concessis,
623 2456 751 2542 plenius
774 2456 958 2521 continetur
974 2478 1010 2521 ac
1024 2456 1057 2520 id
1073 2457 1193 2524 factum
1213 2459 1327 2537 extitit,
1351 2456 1475 2521 conscio

221 2546 324 2611 nobili
356 2548 424 2611 viro
453 2545 593 2610 Roberto
623 2547 662 2611 de
685 2546 785 2626 Baro,
816 2547 872 2630 qui
901 2568 960 2630 pro
989 2545 1161 2611 carissimis
1190 2547 1226 2611 in
1250 2547 1376 2613 Christo
1399 2545 1473 2610 filiis

221 2637 341 2700 nostris
364 2635 502 2700 chrico
532 2639 566 2700 et
587 2635 770 2712 Edmundo,
796 2634 914 2737 dnglie
946 2640 978 2701 et
964 2634 1104 2701 tSioilie
1134 2638 1265 2724 regibus
1288 2635 1474 2716 illustribus,

222 2726 258 2790 in
281 2725 413 2790 hooet
376 2729 440 2790 tm
457 2725 552 2790 aliis
544 2748 687 2812 rpsorum
706 2725 848 2812 negociis
872 2725 958 2811 apud
982 2725 1090 2791 sedem
1114 2729 1323 2813 apostolicam
1345 2747 1475 2792 reman-

221 2818 309 2880 serat
331 2819 526 2900 procurator,
548 2822 646 2901 prout
668 2814 761 2881 nobis
784 2816 929 2880 constiitt
952 2817 1125 2896 evidenter,
1148 2818 1363 2900 volumus,ut
1348 2815 1418 2881 tid
1440 2815 1476 2880 in

221 2909 416 2991 perpetuum
439 2907 587 2970 observet
572 2909 634 2973 tur
679 2905 769 2970 Nulli
793 2928 870 3008 ergo
900 2907 1032 2972 omnino
1055 2867 1223 2973 honlinum
1245 2910 1340 2976 liccat
1361 2907 1475 2990 hujus-

221 2996 308 3059 modi
332 2998 458 3061 nostras
481 2996 590 3060 donat
567 2999 680 3077 t10,ncs
704 2999 923 3062 concessiones
947 3021 1003 3062 seu
1033 2999 1292 3066 confirmationes
1316 3001 1350 3066 et
1372 2996 1473 3083 privi-

221 3085 347 3172 legia
338 3087 518 3172 infringere
549 3086 600 3151 vel
631 3091 660 3155 ei
691 3109 770 3151 ausu
800 3087 971 3153 temerario
1001 3089 1167 3154 contraire.
1212 3086 1245 3154 Si
1273 3092 1344 3176 quis
1367 3090 1424 3152 aut
1425 3109 1475 3151 em

220 3177 284 3242 hoc
307 3178 470 3242 attentare
493 3179 717 3261 presumserit,
746 3177 1006 3263 indignationem
1034 3180 1266 3282 omnipotentis
1273 3114 1340 3246 qdei
1363 3182 1396 3245 11
1418 3178 1474 3242 be-

222 3272 348 3335 atorum
358 3269 446 3333 Petri
461 3267 595 3334 etPauli
611 3267 872 3356 apostolorumj
845 3292 861 3332 e
877 3290 914 3332 us
930 3291 964 3333 se
980 3270 1130 3334 noverit
1121 3291 1331 3336 moursurum
1355 3249 1475 3334 ilatum

223 3358 1002 3446 1113111111.111181111111111111111111111.

836 3577 865 3640 6.

309 3721 495 3791 Alabandei·
510 3720 572 3790 IV.
591 3719 691 3787 (laria
711 3724 853 3786 comitem
875 3721 1024 3786 clericam
1038 3722 1173 3786 Aretias
1195 3720 1334 3800 diocesis,
1357 3723 1394 3786 ia
1412 3718 1476 3786 Ou-

218 3835 379 3900 scatiaum
399 3833 612 3916 episcopatum
628 3832 800 3898 intrusam,
824 3828 959 3893 obsolvit
979 3831 1019 3893 ab
1043 3830 1361 3894 excommunicatione
1383 3837 1414 3892 ct
1433 3829 1478 3892 ad

219 3939 427 4026 episcopalem
442 3939 544 4002 sedem
559 3937 715 4002 habilitat.
739 3935 847 4020 chr.
858 3939 931 4001 113.
956 3936 1174 4017 Ladwaslti,
1190 3934 1295 4003 1257
1310 3935 1426 4002 11611.
1435 3935 1475 4000 9.

312 4079 406 4145 Cazia
435 4078 543 4143 comiti
573 4077 684 4142 clerico
717 4076 849 4142 Aretine
880 4077 1021 4142 diocesis.
1074 4075 1170 4141 Sedes
1201 4076 1390 4160 apostolica,
1421 4076 1476 4161 pia

219 4172 333 4248 mater,
356 4167 441 4233 uteri
464 4168 513 4232 sui
535 4168 634 4245 filios,
664 4166 762 4231 ctiam
785 4166 928 4252 graviter
951 4165 1191 4250 delinquentes,
1221 4165 1373 4229 indurata
1395 4165 1475 4229 facie

219 4281 287 4325 non
310 4258 447 4342 repellit,
472 4257 578 4322 sed
552 4279 597 4321 ers
622 4255 693 4320 ad'
685 4256 787 4340 rpsius
811 4255 910 4319 ubera
933 4255 1070 4319 redeunt
1056 4255 1140 4319 tibus
1164 4255 1230 4319 lcta
1253 4275 1419 4318 occurrens
1443 4256 1476 4318 et

219 4349 432 4451 procumbens
466 4346 506 4410 ad
538 4345 805 4412 reconciliationis
839 4346 980 4408 osculum
1013 4366 1110 4428 supra
1141 4344 1269 4421 collum,
1303 4342 1475 4430 gratiosius

218 4440 306 4522 ipsos
330 4437 549 4522 prosequitur,
579 4457 651 4499 cum
674 4435 709 4498 in
733 4434 865 4518 spiritus
894 4434 1057 4535 humilitat
1009 4437 1075 4497 te
1043 4433 1261 4497 tredierint
1246 4435 1366 4519 tpost
1395 4431 1474 4496 deli-

219 4529 313 4593 ctum.
337 4526 434 4591 Lecta
450 4525 608 4610 siquidem
624 4546 730 4589 coram
746 4523 869 4589 nobist
870 4546 912 4589 ua
926 4523 1042 4609 petitio
1057 4523 1253 4604 continebat,
1269 4523 1355 4609 quod
1370 4543 1474 4608 quon-
