3438 5276
151 712 273 801 gentiis
303 716 335 778 et
364 713 478 799 gratiis
508 713 773 799 quibuscumque,
804 715 844 779 ab
873 714 1047 799 apostolica
1071 713 1145 778 sede
1168 711 1325 793 obtentis,
1349 733 1405 778 ex·

152 823 238 867 nuuc
271 803 445 887 apostolica
476 803 665 868 auctoritate
697 805 881 887 privantes,
919 804 1006 888 ipsos
1039 824 1171 868 manere
1204 801 1406 868 decernimus

151 891 241 956 omni
270 891 374 956 officio
403 895 437 957 et
464 891 586 957 honore
616 892 768 976 privatos.
792 893 844 957 Ita
875 893 959 977 quod
989 893 1097 957 nullus
1121 913 1231 957 eorum
1253 891 1290 956 in
1312 895 1405 976 pote-

152 983 279 1058 statem,
303 981 507 1065 capitaneum
530 1003 586 1045 seu
610 983 764 1045 rectorem
788 985 844 1046 aut
862 981 902 1046 ad
918 981 982 1046 alia
1006 1002 1205 1066 quecumque
1228 980 1332 1046 officia
1355 982 1406 1045 vel

150 1069 290 1134 honores
313 1071 416 1154 possit
438 1070 565 1147 assumi,
589 1074 623 1135 et
637 1070 665 1135 si
680 1069 779 1154 aliqui
795 1091 905 1135 eorum
921 1072 1079 1155 assumpti
1094 1070 1225 1148 fuerint,
1244 1070 1406 1135 sententie

150 1159 216 1223 late
239 1179 299 1243 per
320 1159 416 1244 ipsos,
440 1159 468 1224 si
485 1158 609 1244 judices
626 1163 659 1224 et
673 1160 891 1224 instrumenta
913 1160 1064 1239 confecta,
1088 1161 1116 1225 si
1138 1158 1329 1224 tabelliones
1345 1155 1405 1222 ¹fu-

152 1247 238 1312 erint
259 1249 311 1313 vel
335 1250 363 1313 si
385 1270 583 1333 quecumque
607 1249 711 1312 officia
733 1249 911 1334 gesserint,
936 1249 1053 1327 omnia,
1077 1271 1139 1333 que
1162 1269 1222 1332 per
1243 1248 1332 1333 ipsos
1354 1248 1406 1313 vel

151 1357 261 1402 eorum
284 1337 472 1403 auctoritate
495 1358 552 1402 seu
575 1337 754 1403 ministerio
776 1338 811 1403 in
830 1337 950 1423 judicio
973 1338 1024 1403 vel
1048 1342 1140 1403 extra
1161 1338 1232 1402 fieri
1254 1359 1311 1402 seu
1334 1337 1406 1424 geri

151 1426 332 1511 contigerit,
356 1447 461 1491 carcere
485 1425 684 1492 decernimus
707 1428 796 1492 omni
818 1425 931 1491 robore
953 1427 1116 1492 firmitatis
1148 1429 1181 1492 et
1203 1425 1323 1492 nullius
1346 1447 1405 1510 pe-

151 1515 240 1578 nitus
264 1535 333 1579 esse
356 1516 520 1581 momenti.
544 1515 585 1580 Et
607 1515 832 1580 nichilominus
859 1536 1014 1601 personas
1045 1538 1154 1581 eorum
1184 1516 1265 1581 citra
1293 1514 1406 1580 mortis

153 1607 187 1669 et
215 1604 428 1670 mutilationis
458 1604 651 1689 periculum,
684 1625 744 1669 nec
773 1625 840 1670 non
870 1607 904 1669 et
931 1605 1016 1670 bona
1045 1605 1176 1670 mobilia
1206 1605 1404 1692 exponimus,

150 1693 284 1779 impune
303 1693 343 1758 ab
359 1693 507 1760 omnibus
524 1714 560 1758 ac
574 1693 674 1758 libare
689 1694 854 1778 capienda,
877 1693 1037 1779 predictos
1052 1695 1187 1779 insuper
1202 1696 1405 1761 Veronenaes

150 1803 319 1847 monemus
343 1785 376 1847 et
398 1783 444 1848 eis
466 1783 606 1848 districte
622 1783 825 1868 precipimus,
848 1786 893 1862 ut,
908 1782 995 1849 infra
1016 1805 1161 1849 mensem
1184 1782 1304 1848 dicum
1321 1780 1405 1848 Con·

150 1871 300 1939 radinum
316 1874 350 1936 et
371 1875 505 1959 gentem
528 1893 619 1936 suam
642 1873 847 1957 repellentes,
870 1873 912 1937 ab
934 1871 1037 1957 ipsius
1060 1893 1191 1958 prorsus
1214 1872 1325 1937 favore
1348 1870 1405 1937 de·

151 1961 277 2026 sistant.
301 1959 455 2064 hhoquin
477 1961 640 2064 cintatem
656 1962 876 2065 Veronensem
891 1961 1069 2047 pontificali
1084 1961 1253 2066 dignitate,
1276 1961 1405 2028 clericos

150 2049 972 2223 {ttttttttttttttttt,ttssttlt
991 2051 1227 2206 antidit
1253 2051 1404 2205 :dtr

149 2227 298 2305 tinenda,
328 2229 425 2312 prout
453 2228 531 2294 facti
560 2227 708 2292 suadebit
730 2229 869 2313 qualitas
900 2231 934 2293 et
956 2227 1129 2294 viderimus
1153 2227 1312 2314 expedire.
1337 2227 1404 2294 Ad·

149 2336 261 2383 versus
285 2315 348 2382 alia
371 2317 468 2381 etiam
491 2319 603 2394 castra,
626 2316 771 2382 civitates
795 2320 829 2382 et
849 2318 919 2382 loca
941 2317 1047 2396 Italie,
1072 2339 1134 2405 quc
1157 2318 1257 2384 dictos
1282 2316 1404 2383 Conra-
1484 2346 1488 2353 ·

150 2407 263 2472 dinum
291 2405 344 2470 vel
372 2407 577 2490 capitaneum
606 2427 662 2470 sen
692 2409 826 2491 gentem
856 2426 961 2485 suam,
991 2409 1029 2472 ut
1057 2406 1268 2492 premittitur,
1292 2408 1404 2473 contra

150 2498 278 2560 nostras
300 2493 517 2574 inhibitiones,
540 2495 804 2560 comminationes
835 2497 868 2560 et
896 2496 1075 2561 sententias
1098 2495 1250 2582 deinceps
1272 2516 1404 2582 recepe·

150 2585 225 2663 rint,
249 2583 290 2648 ad
313 2584 433 2648 similes
454 2584 671 2668 privationum
688 2605 801 2669 penas,
824 2587 921 2670 prout
936 2584 1111 2669 expediens
1126 2586 1195 2650 fore
1210 2584 1404 2672 putabimus,

150 2674 338 2759 processuri.
369 2674 416 2740 Ut
444 2675 552 2739 autem
580 2672 764 2758 hujusmodi
793 2675 904 2738 noster
932 2695 1099 2759 processus
1130 2674 1170 2739 ad
1202 2691 1404 2740 communem

150 2763 295 2828 omnium
317 2763 467 2827 notitiam
486 2761 667 2840 deducatur,
690 2765 795 2827 cartas
811 2763 877 2828 sive
893 2763 1105 2842 membranas,
1128 2783 1312 2848 procusum
1326 2785 1404 2828 con-

149 2852 294 2918 tinentes
317 2851 468 2929 eundem,
491 2851 527 2915 in
550 2852 676 2936 prefate
707 2852 837 2936 majoris
867 2852 996 2918 ecclesie
1020 2851 1232 2919 Viterbiensis
1261 2851 1405 2937 appendi

149 2941 203 3007 vel
231 2939 323 3027 affigi
351 2940 465 3005 hostiis
495 2939 562 3006 sive
594 2941 894 3025 superliminaribus
923 2942 1091 3018 faciemus,
1125 2961 1187 3025 que
1219 2958 1403 3026 processum

149 3031 258 3115 ipsum
288 3050 346 3094 suo
377 3029 469 3114 quasi
498 3050 615 3094 sonoro
647 3029 798 3114 preconio
829 3033 863 3095 et
891 3031 1004 3116 patulo
1032 3029 1151 3095 indicio
1183 3029 1404 3115 publicabunt.

150 3121 201 3185 Ita
231 3118 317 3203 quod
344 3117 431 3183 idem
456 3117 655 3184 Conradinus
686 3121 718 3184 et
747 3118 817 3197 alii,
848 3139 928 3204 quos
950 3140 1117 3204 processus
1139 3119 1211 3203 ipse
1233 3119 1404 3206 contingit,

149 3208 274 3272 nullam
296 3209 410 3293 postea
433 3206 560 3292 possint
583 3208 819 3273 excusationem
842 3208 1050 3294 pretendere,
1081 3208 1165 3293 quod
1189 3207 1229 3272 ad
1253 3207 1404 3274 costulis

149 3317 315 3382 processus
338 3317 405 3362 non
421 3297 613 3380 pervenerit,
629 3298 680 3361 vel
696 3295 781 3382 quod
803 3297 988 3382 ignorarint
1010 3296 1156 3376 eundem,
1179 3317 1251 3362 cum
1273 3297 1405 3363 nonsit

148 3385 320 3452 verisimile
335 3407 502 3450 remanere
518 3386 620 3470 quoad
636 3386 724 3470 ipsos
747 3386 947 3472 incognitum
971 3386 1023 3450 vel
1038 3386 1204 3465 occultum,
1228 3384 1312 3472 quod
1334 3387 1403 3450 tam

146 3477 301 3562 patenter
322 3474 470 3539 omnibus
492 3473 682 3560 publicatur.
707 3475 822 3540 Actum
844 3475 881 3539 in
903 3475 1031 3559 prefata
1053 3473 1169 3559 majori
1192 3473 1323 3540 ecclesia
1345 3475 1403 3542 Vi·

146 3565 302 3630 terbiensi
323 3563 359 3628 in
382 3562 434 3628 die
457 3563 666 3629 dedicationis
688 3563 817 3628 basilice
839 3564 1006 3629 beatorum
1030 3565 1248 3649 apostolorum
1263 3563 1352 3630 Petri
1365 3567 1404 3630 at

146 3653 247 3733 Pauli,
263 3653 468 3738 pontificatus
491 3652 595 3718 nostri
619 3673 706 3718 anno
728 3653 833 3718 tertio.

754 3797 806 3860 20.

237 3938 378 4005 Οἰοιιιιιιι
400 3939 462 4008 IV.
485 3941 736 4005 recommonens
758 3961 882 4018 omues,
913 3943 968 4024 qui
997 3938 1179 4006 Οοονοιῑίοο
1202 3941 1354 4006 anam
1374 3949 1405 4005 et

146 4057 257 4112 couno
275 4043 427 4112 carolum
449 4067 554 4131 rapam
570 4045 680 4112 Sicilie
697 4048 954 4134 coajwuoeraat.
976 4047 1092 4134 ofiNr.
1111 4050 1184 4113 603.
1217 4045 1402 4130 vanua,

146 4153 265 4235 1268,
288 4153 406 4222 Mr.
428 4153 495 4220 28.
1195 4182 1197 4186 ⁴

237 4276 286 4340 Ad
309 4277 452 4341 futuram
474 4276 522 4342 rei
545 4277 741 4342 memoriam.
764 4275 844 4340 Dira
866 4276 1001 4342 vulnera
1023 4277 1107 4341 sevis
1122 4275 1272 4340 manibus
1286 4279 1401 4359 tyran·

147 4387 261 4430 norum
292 4365 420 4431 ecclesie
444 4365 588 4430 Romane
618 4365 748 4450 suisque
778 4365 898 4430 dudum
927 4365 1049 4430 inflicta
1071 4363 1233 4441 fidelibus,
1257 4365 1401 4430 nondum

146 4455 284 4519 remedia
307 4455 404 4540 plene
427 4454 686 4520 consolidationis
711 4453 830 4540 adepta
851 4454 887 4519 in
910 4454 1015 4519 medio
1039 4457 1222 4519 nostrorum
1244 4452 1400 4518 visanum

147 4557 217 4608 oum
239 4543 357 4610 doloris
381 4543 553 4610 acerbitate
576 4543 734 4609 sentimus
757 4564 859 4628 eoque
871 4543 912 4608 fit
935 4543 1028 4608 nobis
1050 4542 1178 4608 illorum
1201 4542 1293 4609 dolor
1312 4539 1401 4610 acere
