3404 5280
284 463 326 520 40
747 458 922 508 sannaus
941 461 980 507 iv.
1002 459 1077 507 raes.

283 621 391 719 Q

280 747 341 807 Jul
368 746 417 806 13.
441 747 603 806 Perusii.
626 747 658 805 P.
678 745 802 818 19,263.
819 745 856 804 In
870 764 894 804 e.
910 745 929 804 f.
945 765 984 804 m.
999 745 1172 822 Lugdunen.
1191 747 1232 805 35
1248 766 1277 822 p.
1296 746 1312 804 'l
1331 747 1359 806 6.
1468 753 1535 808 487

303 896 320 925 ,,
369 853 418 912 18.
509 897 527 927 ,‚
616 853 839 928 Archiepiscopo
864 853 1068 912 Tarraconensi
1092 854 1123 912 et
1146 854 1279 929 episcopo
1305 854 1467 928 Valentino.
1493 856 1535 914 Ut

440 942 582 1002 decimam
596 944 728 1002 omnium
742 941 895 1001 fructuum
910 942 1167 1002 ecclesiasticorum
1175 943 1382 1020 arragonum
1391 945 1464 1022 regi,
1486 962 1534 1002 ex-

439 1031 617 1108 peditionem
632 1033 734 1091 contra
747 1032 901 1090 Saracenos
923 1032 958 1089 de
972 1031 1070 1090 Africa
1091 1033 1215 1107 paranti,
1237 1033 1441 1110 assignandam
1464 1051 1534 1109 pro·

439 1123 550 1181 curent.
561 1154 605 1164 -
614 1121 679 1193 „Ad
687 1121 861 1180 universahs
870 1121 1012 1180 emlesie‘t
1023 1121 1082 1182 XV.
1093 1121 1149 1180 kal.
1158 1121 1235 1199 Aug.
1249 1122 1310 1181 133
1319 1141 1347 1198 p.
1361 1122 1400 1181 31
1410 1123 1445 1184 A.
1468 1128 1534 1183 488

279 1229 371 1308 (Aug.
386 1229 448 1307 15.)
500 1229 543 1306 (,‚)
618 1229 657 1287 Μ.
673 1229 771 1287 sancte
786 1227 876 1287 Maris
898 1228 930 1286 in
944 1228 1063 1286 Porticu
1078 1228 1150 1288 diac.
1165 1228 1240 1289 card.
1264 1228 1347 1299 Quod
1361 1229 1484 1288 Petrum
1499 1229 1536 1286 de

441 1317 511 1379 Vico
525 1318 650 1394 receptis
666 1316 849 1376 cautionibus
865 1317 1004 1377 absolvat.
1022 1318 1062 1376 33
1079 1338 1107 1393 p.
1120 1318 1138 1375 6
1156 1319 1184 1378 6,
1200 1318 1236 1378 01.
1250 1319 1283 1377 P.
1296 1318 1421 1388 19312.
1468 1323 1534 1379 489

280 1425 359 1502 Sept.
391 1425 419 1484 2.
442 1425 574 1484 Asisii.
596 1425 738 1500 Episcopo
747 1424 982 1483 Barchinonensi
998 1423 1110 1484 Laudat
1125 1424 1189 1499 ejus
1204 1425 1387 1501 propositum
1402 1424 1532 1501 proficis·

441 1514 525 1573 cendi
539 1533 607 1573 cum
622 1515 650 1574 J.
665 1514 838 1591 Aragonum
851 1531 922 1591 rege
937 1514 1038 1572 contra
1048 1514 1201 1574 Saracenos
1217 1514 1252 1573 de
1261 1513 1367 1574 Africa.
1383 1549 1427 1557 —
1443 1515 1535 1586 „Cum

441 1605 518 1663 siout
533 1603 724 1679 accepimus“.
746 1603 816 1663 HH.
831 1620 900 1662 non.
917 1603 994 1678 Sept.
1015 1603 1076 1662 146
1093 1623 1120 1679 p.
1139 1605 1179 1662 35
1196 1604 1232 1663 A.
1467 1608 1535 1664 490

301 1753 318 1784 ,,
386 1710 415 1769 4.
506 1754 523 1782 ‚,
613 1710 645 1770 P.
664 1706 1253 1785 19,332.1)11.Αεε1111οη.1ορ1.110.
1271 1709 1444 1786 soploo.
1466 1715 1531 1771 491

301 1860 318 1890 ,,
365 1818 415 1878 30.
438 1817 599 1877 Perusii.
616 1817 723 1876 Jacobo
733 1815 793 1875 filio
802 1818 881 1894 regis
889 1817 1070 1894 Aragonum.
1085 1817 1237 1890 Hortatur,
1246 1817 1327 1877 utad
1340 1817 1534 1876 imitationem

437 1907 530 1983 patris
546 1907 593 1966 sui
607 1906 731 1966 assiduis
746 1906 863 1965 ecclesie
878 1907 965 1984 pugil
979 1923 1041 1965 esse
1056 1906 1137 1966 velit.
1146 1940 1191 1949 -
1206 1906 1411 1978 „Persuadet“.
1427 1907 1465 1965 H.
1475 1906 1532 1966 hal

438 1996 498 2055 Oct.
517 1996 557 2056 89
574 2016 602 2072 p.
622 1996 662 2054 17
680 1997 708 2054 0.
724 1995 760 2056 cf.
775 1996 807 2056 P.
826 1995 952 2069 19‚378.
1467 2001 1532 2057 492

280 2103 340 2164 Oct.
367 2103 416 2164 10.
507 2146 524 2174 ,,
613 2102 661 2161 Ad
674 2104 848 2178 perpennam
866 2103 910 2162 rei
931 2103 1108 2163 memoriam.
1123 2102 1227 2162 Irritat
1241 2120 1410 2179 processum
1424 2101 1534 2161 iactum

438 2191 747 2269 contraR.episcopum
753 2192 954 2263 Tholosanum
970 2193 1041 2252 alias
1056 2192 1340 2252 ecclesieTholosane
1353 2192 1533 2268 provisurus.

440 2315 480 2327 -
497 2283 589 2354 „Cum
602 2281 694 2340 felicis
708 2281 941 2342 recordationis“.
956 2283 1006 2342 VI.
1021 2280 1061 2342 id.
1076 2281 1136 2341 Oct.
1153 2301 1170 2339 a
1188 2277 1234 2344 1⁰.
1252 2282 1292 2339 56
1307 2282 1342 2342 B.
1466 2285 1532 2342 493

302 2431 319 2460 ,,
369 2387 419 2448 14.
508 2431 525 2462 „
615 2388 823 2447 Mediolanensi
844 2391 875 2446 et
888 2388 1032 2447 Januensi
1053 2388 1273 2466 archiepiscopis
1294 2406 1348 2464 per
1362 2386 1533 2447 lombardie

438 2477 618 2554 provinciam
639 2478 815 2538 constitutis.
836 2478 968 2537 Mittitur
984 2477 1141 2537 Gaufiidus
1163 2478 1198 2536 de
1214 2479 1396 2537 Bellomonte
1415 2477 1533 2554 legatus

438 2586 492 2643 pro
507 2566 641 2626 sedandis
654 2567 802 2626 intestinis
817 2567 982 2638 discordiis,
1005 2566 1114 2644 quibus
1130 2567 1200 2626 olim
1215 2568 1403 2643 multumque
1417 2565 1532 2626 labora·

438 2659 542 2717 verant
556 2659 587 2715 et
601 2656 638 2714 ad
653 2658 811 2715 extremam
826 2651 956 2732 inopiam
976 2655 1160 2716 devenerant.
1176 2691 1221 2700 -
1236 2656 1331 2728 „Olim
1345 2660 1423 2716 vos“.
1440 2656 1479 2714 H.
1493 2653 1533 2713 id.

439 2746 499 2805 Oct.
520 2746 581 2805 159
598 2765 626 2822 p.
645 2746 685 2804 38
701 2746 737 2804 A.
803 2746 841 2803 In
856 2764 881 2805 e.
896 2765 935 2805 m.
950 2744 1176 2806 marchionibus.
1466 2749 1535 2804 494

300 2892 318 2922 ,,
367 2851 417 2912 18.
507 2895 524 2926 ‚,
614 2852 646 2912 P.
665 2852 789 2925 19,404.
814 2852 840 2911 S.
863 2852 909 2910 tit.
933 2871 955 2912 s.
971 2852 1091 2911 Martini
1113 2854 1145 2910 in
1167 2851 1318 2911 montibus
1339 2851 1435 2928 presb.
1457 2849 1533 2910 card

439 2944 529 3018 apost
538 2942 596 3002 scd.
603 2943 709 3019 legato.
717 2941 760 3000 De
769 2941 869 3001 codem
878 2943 997 3019 negotio
1007 2960 1075 3001 cum
1084 2942 1237 3018 superiori.
1249 2941 1309 3000 161
1320 2962 1349 3017 p.
1359 2943 1399 3000 39
1407 2942 1443 3000 A.
1465 2942 1533 3001 495

292 3044 323 3122 (,,
363 3045 426 3125 18.)
437 3046 537 3198 amm
611 3049 753 3124 Episcopo
762 3049 945 3107 Bononiensi.
961 3049 1004 3107 De
1018 3048 1127 3107 eodem
1147 3049 1208 3108 162
1225 3067 1254 3124 p.
1270 3049 1310 3107 39
1327 3046 1362 3108 A.
1414 3047 1534 3194 10οᾙιέ

469 3138 486 3152 ”
1465 3141 1489 3196 4

293 3243 323 3319 (,,
365 3244 427 3324 18.)
496 3244 540 3322 (,,)
615 3245 755 3321 Magistro
771 3243 919 3303 Gaufiido·
936 3245 979 3303 De
994 3243 1104 3303 ecdem.
1121 3243 1183 3303 163
1199 3263 1229 3320 p.
1246 3245 1286 3304 39
1302 3243 1337 3303 A.
1465 3245 1532 3301 497

299 3394 317 3425 ,,
363 3352 415 3413 21.
505 3394 522 3422 ,,
613 3351 753 3428 Magistro
774 3349 922 3410 eauffido.
945 3352 984 3411 Ut
999 3351 1075 3410 cives
1090 3351 1264 3424 Brixienees,
1288 3350 1313 3409 si
1334 3347 1492 3408 recedendo
1515 3367 1534 3406 a

437 3439 586 3500 Manfredo
609 3440 646 3498 ad
667 3441 815 3500 ecclesiam
836 3439 964 3512 redeant,
987 3440 1126 3500 absolvat.
1142 3475 1186 3484 —
1201 3441 1293 3513 „Cum
1309 3439 1532 3498 desideremus“.

436 3531 502 3590 XII.
517 3530 576 3589 hal.
592 3530 666 3590 Nor.
685 3530 746 3589 165
764 3549 793 3605 p.
811 3529 851 3587 39
868 3529 903 3589 Α.
919 3529 954 3590 cf.
969 3530 1001 3589 P.
1020 3530 1146 3601 19,411.
1393 3546 1396 3553 ¹
1465 3532 1532 3588 498

277 3637 351 3696 Nou.
364 3636 413 3696 13.
504 3679 521 3709 ‚,
611 3636 835 3712 Archiepiscopo
862 3637 1018 3696 Ousentino
1043 3640 1074 3695 et
1095 3637 1194 3696 abbati
1217 3635 1371 3694 Oasincnsi.
1395 3633 1531 3705 Quodsi,

439 3727 508 3801 quia
532 3725 682 3785 Manfredo
713 3726 749 3783 ad
779 3725 896 3784 ecclesie
920 3726 1091 3786 fidelitatem
1114 3725 1272 3797 redierint,
1303 3742 1352 3783 eos
1380 3723 1532 3783 absolvant

437 3814 492 3874 sub
516 3817 595 3874 certa
618 3815 725 3888 forma,
749 3834 838 3890 quam
860 3816 1043 3876 transmittit.
1067 3847 1108 3860 -
1132 3815 1317 3886 ‚‚Gerentes“.
1338 3813 1377 3871 id
1398 3814 1472 3873 Nor.
1488 3813 1530 3872 24
1653 3843 1658 3854 ·

280 4009 317 4068 ·„
365 3993 415 4054 17.
440 3925 470 3982 p'
488 3905 528 4066 δῖ
544 3905 598 3988 Α”
612 3994 644 4052 r.
663 3991 1442 4069 10,450.111.ω.1οωῑο00110101001100.
1464 3907 1531 4052 idd

299 4125 316 4155 „
363 4085 414 4144 25.
503 4125 521 4155 ,,
612 4083 638 4142 S.
654 4082 700 4142 tit.
717 4101 739 4142 s.
755 4083 875 4141 Martini
885 4083 980 4158 presb.
990 4083 1066 4143 card.
1082 4084 1121 4141 Ut
1135 4084 1168 4141 in
1182 4082 1382 4159 patriarchatu
1391 4080 1531 4140 Gradensi

436 4190 551 4232 crucem
567 4172 709 4248 predicari
722 4171 810 4231 faciat
825 4191 878 4247 pro
893 4171 1021 4231 transitu
1035 4173 1149 4245 militie,
1165 4191 1223 4249 que
1237 4172 1319 4232 venit
1334 4173 1435 4230 contra
1447 4171 1530 4229 llan-

436 4261 560 4321 fredum.
578 4295 617 4306 -
637 4262 702 4335 „Ad
717 4261 930 4320 excitandum“.
946 4262 1010 4322 VH.
1026 4261 1084 4322 hal.
1099 4263 1165 4320 Dec.
1186 4261 1246 4320 167
1263 4281 1293 4337 p.
1310 4261 1352 4320 40
1368 4262 1404 4319 A.
1465 4263 1530 4320 tol

292 4368 322 4443 (,‚
362 4369 426 4446 25.)
494 4368 537 4445 (,,)
611 4369 751 4446 Magistro
768 4367 915 4426 (iauffido.
938 4368 977 4425 Ut
996 4386 1049 4444 pro
1070 4369 1199 4428 transitu
1214 4367 1290 4427 dicte
1312 4367 1418 4427 militie
1439 4365 1531 4442 possit

435 4458 563 4535 recipere
579 4457 726 4536 quandam
740 4457 863 4533 pecunie
879 4474 1031 4520 summam.
1049 4459 1110 4520 169
1127 4478 1157 4538 p,
1174 4458 1214 4516 41
1230 4458 1266 4518 A,
1465 4460 1529 4517 502
