3464 5280
317 517 394 596 vna

328 687 503 754 modolibet
517 690 691 773 usurparet,
706 688 838 753 solerter
853 687 1030 768 advertens,
1046 689 1166 773 quante
1180 687 1223 751 sit
1238 686 1429 752 temeritatis
1445 689 1581 770 quanta-

329 799 391 864 que
413 777 574 843 111111111
597 777 732 864 dignum
754 778 865 864 legum
890 777 1011 841 sanctio
1039 779 1176 856 censeat,
1199 775 1279 840 falso
1308 775 1428 840 nedum
1456 777 1583 862 regium

329 888 449 933 nomen
464 889 632 946 assumere,
655 866 711 932 sed
734 867 831 944 etiam
853 866 1004 951 simplicis
1026 865 1241 952 magistratus,
1263 866 1305 930 Et
1321 867 1515 950 potestatem
1531 887 1582 930 ec-

328 956 422 1022 clesie
454 955 628 1042 diligenter
643 953 847 1034 attendens,
880 978 941 1040 que
972 956 1052 1020 sicut
1084 954 1222 1020 eundem
1253 953 1464 1034 thidericum,
1487 976 1582 1019 avum

329 1067 430 1124 suum,
448 1044 536 1129 justo
554 1045 674 1130 judicio
697 1044 831 1110 nudavit
852 1045 1001 1130 imperio,
1023 1043 1166 1130 predicto
1188 1065 1291 1129 regno
1314 1041 1434 1122 Sicilie,
1467 1043 1584 1109 ducatu

309 1134 445 1219 'Apulie
477 1137 511 1199 et
532 1135 713 1220 principatu
732 1132 846 1219 Capue,
869 1134 914 1199 sic
937 1136 970 1198 et
993 1155 1066 1198 eum
1087 1133 1185 1198 immo
1203 1133 1310 1206 ¹multo
1333 1132 1456 1198 facilius
1478 1154 1581 1219 regno

318 1221 588 1290 Ι«1111111111111111
610 1224 743 1308 aliisque
766 1222 986 1309 dignitatibus,
1009 1223 1102 1289 bonis
1126 1225 1158 1286 et
1176 1222 1309 1306 juribus,
1339 1221 1367 1286 si
1381 1244 1445 1307 qua
1473 1223 1582 1287 forsan

327 1311 470 1392 haberet,
498 1309 606 1397 procul
636 1312 730 1378 dubio
759 1312 880 1378 nudare
908 1315 1015 1397 posset
1045 1315 1078 1376 et
1100 1311 1251 1390 nudaret,
1275 1311 1426 1396 exigente
1446 1311 1582 1396 justitia,

327 1401 392 1466 nisi
414 1401 544 1467 meliore
567 1402 628 1467 sibi
649 1401 832 1487 provideret
853 1401 983 1467 consilio
1010 1404 1044 1465 et
1073 1401 1156 1466 sedis
1178 1399 1347 1485 apostolice
1370 1421 1404 1465 se
1427 1400 1581 1486 benepla-

327 1490 398 1556 citis
420 1492 590 1576 coaptaret.
612 1490 833 1557 Prohibuimua
857 1491 954 1556 etiam
975 1491 1131 1556 universis
1150 1491 1183 1554 et
1198 1489 1335 1575 singulis
1359 1487 1477 1554 Ohn‘sti
1500 1489 1579 1554 fide-

327 1579 426 1658 libus,
455 1577 498 1645 ne
519 1579 669 1665 ¹predicto
693 1579 872 1646 Gouradino
910 1580 990 1645 sicut
1016 1580 1089 1666 regi
1119 1577 1223 1644 Sicilie
1252 1578 1435 1658 scriberent,
1458 1599 1519 1643 nec
1542 1579 1582 1643 ab

329 1668 399 1754 ipso
421 1668 561 1748 litteras,
583 1670 673 1735 velut
694 1693 713 1734 a
734 1692 812 1756 rege
835 1671 891 1734 aut
913 1669 970 1734 sub
992 1669 1154 1754 premissis
1175 1667 1409 1745 intitulatione,
1434 1667 1581 1732 denomi-

330 1759 462 1823 natione
485 1759 537 1823 111
559 1758 766 1844 impressione
788 1759 975 1844 reciperent,
997 1780 1103 1844 neque
1125 1757 1161 1822 in
1184 1779 1265 1835 eum,
1288 1759 1325 1822 ut
1346 1757 1383 1822 in
1402 1755 1506 1822 Sicilie
1529 1778 1582 1821 re-

328 1868 405 1934 gem
426 1846 643 1926 intenderent,
666 1870 727 1913 nec
747 1870 819 1914 cum
842 1849 938 1912 armis
959 1847 1011 1912 111
1040 1849 1109 1913 sinc
1139 1846 1250 1924 armis,
1280 1845 1363 1912 facto
1394 1846 1445 1911 vel
1474 1846 1582 1924 verbo,

327 1938 384 2002 aut
412 1936 489 2002 alias
518 1937 755 2022 quomodolibet
783 1937 823 2002 ad
851 1937 1043 2002 turbandam
1072 1937 1199 2002 ecclesie
1221 1935 1365 2001 Romane
1394 1957 1506 2021 pacem
1528 1935 1583 2000 vel

260 2053 264 2058 ·
328 2027 440 2091 111111
462 2026 639 2110 predictum
660 2049 773 2113 regem
787 2025 890 2092 Sicilie
913 2029 1095 2111 prestarent
1115 2027 1145 2090 ei
1160 2025 1319 2103 auxilium,
1343 2024 1508 2090 consilium
1530 2025 1585 2088 vel

329 2116 481 2181 favorem.
525 2113 710 2200 Specialiter
731 2120 840 2182 autem
862 2115 1111 2194 marchionibus,
1125 2114 1309 2193 comitibus,
1332 2112 1513 2192 baronibus
1536 2113 1582 2178 ci-

328 2203 490 2284 vitatibus,
513 2205 791 2272 communitatibus
815 2209 848 2270 et
870 2204 1130 2270 universitatibus
1160 2206 1348 2282 castrorum,
1378 2203 1526 2268 villarum
1550 2204 1584 2266 et

329 2314 597 2380 quorumcumque
620 2296 759 2360 locorum
781 2295 874 2361 Italic
896 2294 1116 2380 prohibuimus
1139 2315 1293 2379 expresse,
1317 2315 1359 2358 ne
1381 2290 1582 2378 1111111011-

329 2382 436 2448 radini
465 2383 605 2449 dominio
635 2383 687 2450 vel
714 2383 868 2471 regimini
896 2406 929 2450 11
960 2385 1177 2470 supponerent
1205 2385 1261 2447 aut
1283 2405 1357 2448 eum
1379 2381 1432 2446 vel
1453 2403 1510 2465 pro
1535 2402 1583 2461 11,

329 2493 386 2538 seu
407 2471 443 2537 in
466 2473 607 2539 favorem
622 2474 728 2560 ipsius,
743 2475 841 2539 alium
855 2475 891 2540 in
905 2475 1097 2559 potestatem
1112 2473 1329 2551 admitterent,
1344 2471 1395 2536 vel
1417 2472 1583 2550 rectorem,

330 2583 529 2647 quocumque
558 2563 689 2629 nomine
712 2566 893 2642 censeatur,
922 2564 974 2628 vel
998 2563 1028 2628 11
1050 2566 1106 2628 aut
1127 2562 1183 2628 alii
1204 2583 1262 2646 pro
1284 2560 1367 2646 ipso,
1395 2581 1451 2624 seu
1473 2560 1509 2624 in
1530 2559 1583 2624 fa-

327 2672 438 2717 vorem
456 2651 562 2737 ipsius,
586 2652 763 2746 dominium
785 2656 841 2719 aut
862 2674 954 2739 posse
977 2651 1105 2738 aliquod
1120 2652 1155 2716 in
1170 2674 1213 2731 se,
1235 2653 1336 2716 terras
1350 2651 1406 2716 aut
1421 2648 1584 2714 districtus

328 2762 401 2807 suos
431 2763 627 2827 quocumque
656 2743 789 2830 ingenio
819 2742 871 2808 111
899 2742 1135 2818 machinatione
1158 2740 1376 2818 concederent,
1399 2759 1460 2803 nec
1481 2737 1583 2803 socie·

310 2861 312 2868 ·
329 2832 439 2909 tatem
462 2831 715 2917 conjurationem
730 2855 786 2898 seu
800 2831 891 2898 fedus
906 2831 1033 2917 aliquod
1048 2832 1130 2897 inire
1145 2832 1368 2915 presumerent
1382 2850 1453 2893 cum
1469 2826 1583 2893 eodem

331 2921 387 2985 aut
409 2920 471 2986 alio
494 2920 530 2985 in
552 2923 704 2988 auxilium
726 2923 778 2988 vel
800 2923 941 2988 favorem
964 2921 1070 3006 ipsius.
1092 2921 1168 2986 Illos
1191 2941 1274 2998 vero,
1298 2919 1353 3004 qui
1375 2919 1485 2984 contra
1506 2937 1582 3001 pra-

329 3009 426 3075 missa
447 3009 500 3075 111
522 3010 650 3096 aliquod
671 3013 904 3098 premissorum,
927 3033 985 3097 per
1007 3033 1040 3076 se
1071 3010 1123 3075 vel
1151 3031 1210 3095 per
1241 3009 1353 3088 alium,
1384 3027 1583 3091 quocumque

331 3098 412 3178 dolo,
428 3101 496 3164 arte
512 3101 564 3164 vel
578 3101 814 3168 machinatione
829 3103 979 3180 facerent,
990 3101 1211 3186 cujuscumque
1220 3099 1329 3164 forent
1337 3095 1583 3182 preeminentie,

332 3187 502 3274 dignitatis
524 3193 580 3255 aut
601 3193 714 3270 status,
739 3191 1072 3258 excommunicationis
1102 3189 1310 3266 sententiam,
1337 3209 1437 3274 'quam
1466 3187 1586 3250 extunc

330 3276 366 3342 in
390 3299 442 3344 eos
465 3278 604 3360 tulimus,
626 3280 787 3347 incurrere
811 3282 966 3346 voluimus
988 3280 1056 3365 ipso
1079 3279 1171 3344 facto.
1204 3277 1324 3362 Aperte
1353 3297 1478 3362 quoque
1506 3296 1583 3359 pre·

331 3366 468 3460 111111111
489 3369 689 3454 patriarchis,
713 3370 968 3456 archiepiscopis,
997 3367 1163 3455 episcopis,
1194 3367 1359 3433 abbatibus
1382 3367 1415 3430 et
1437 3365 1507 3430 aliis
1528 3363 1582 3430 in·

330 3457 456 3523 ferioris
471 3459 588 3544 gradus
601 3460 741 3545 prelatis,
764 3461 855 3546 quod,
879 3461 906 3525 si
920 3461 1031 3526 contra
1044 3457 1198 3545 premissa
1220 3457 1329 3523 venire
1350 3455 1582 3541 presumerent,

331 3568 384 3612 111
414 3547 503 3613 omni
533 3549 739 3616 ecclesiastice
769 3550 936 3637 dignitatis
965 3549 1161 3635 privaremus
1190 3546 1325 3624 honore,
1363 3546 1458 3630 prout
1488 3543 1583 3609 nobis

331 3636 408 3702 facti
431 3637 566 3722 qualitas
590 3641 623 3704 et
640 3640 767 3725 justitia
789 3640 943 3704 suaderet.
965 3639 1116 3724 Reliquos
1138 3640 1246 3703 autem
1268 3635 1395 3701 clericos
1417 3655 1484 3699 non
1505 3654 1582 3719 pre-

329 3721 459 3790 lationis
482 3727 630 3813 officium,
652 3729 709 3794 sed
731 3729 839 3794 forsan
862 3728 1051 3815 dignitates,
1079 3728 1267 3814 personatus
1295 3727 1351 3790 aut
1380 3723 1442 3789 alia
1471 3722 1582 3808 quevis

331 3814 541 3881 ecclesiastica
563 3817 717 3883 beneficia
739 3818 924 3884 obtinentes
946 3820 980 3882 et
1002 3817 1144 3882 obtentis
1165 3816 1290 3901 privare
1321 3815 1416 3897 etad
1438 3813 1501 3877 alia
1523 3811 1581 3876 ob·

330 3903 466 3970 tinenda
488 3904 646 3972 inhabiles
667 3907 800 3972 reddere
823 3929 1010 3977 curaremus.
1038 3906 1141 3972 Laicis
1164 3927 1238 3971 vero
1262 3903 1483 3989 cujuscumque
1505 3921 1581 3987 pre·

332 3994 517 4074 eminentie,
541 3994 709 4081 dignitatis
732 3999 787 4062 aut
810 3997 919 4074 status,
943 3998 976 4061 et
997 3995 1145 4081 precipue
1174 3993 1343 4080 temporali
1367 3990 1582 4077 jmisdictioni

330 4081 472 4167 ejusdem
501 4085 629 4150 ecclesie
661 4085 803 4152 Romane
832 4086 980 4172 subjectis
1010 4107 1155 4170 expresse
1184 4082 1456 4161 denuntiavimus,
1488 4080 1581 4166 quod,

330 4172 359 4237 si
379 4172 560 4258 hujusmodi
582 4178 725 4241 nostram
747 4175 974 4241 inhibitionem
996 4177 1107 4240 contra
1122 4196 1201 4253 eam,
1223 4196 1281 4258 per
1296 4195 1329 4237 se
1345 4173 1397 4237 vel
1411 4193 1469 4257 per
1484 4171 1581 4235 alium

300 4262 451 4339 ,temere
483 4263 660 4345 veniendo,
693 4267 802 4331 exacta
834 4265 1003 4352 diligentia
1035 4287 1102 4330 non
1124 4265 1297 4341 servarant,
1328 4261 1412 4346 ipsos
1435 4258 1581 4326 omnibus

331 4349 435 4416 feudis
458 4353 596 4432 11111111,
620 4377 681 4440 que
704 4355 744 4420 ab
767 4355 904 4420 ecclesiis
927 4353 1180 4421 ecclesiasticisve
1202 4352 1346 4439 personis
1368 4351 1502 4417 forsitan
1523 4349 1582 4414 ob·

330 4439 489 4520 timerent,
519 4443 644 4529 privare
674 4466 709 4509 ac
738 4444 886 4524 vassallos
916 4465 1041 4523 eorum,
1071 4443 1098 4508 si
1128 4465 1205 4530 quos
1227 4442 1396 4521 haberent,
1419 4440 1581 4507 absolvere

329 4550 509 4600 1111111111
524 4554 544 4596 a
558 4531 720 4600 fidelitatis
730 4533 924 4618 juramento,
947 4556 1009 4620 quo
1032 4535 1222 4601 tenerentur
1244 4532 1362 4600 eisdem
1385 4532 1418 4596 et
1439 4530 1583 4616 personis
