<?xml version="1.0" encoding="UTF-8"?>
<!DOCTYPE html PUBLIC "-//W3C//DTD XHTML 1.0 Transitional//EN"
    "http://www.w3.org/TR/xhtml1/DTD/xhtml1-transitional.dtd">
<html xmlns="http://www.w3.org/1999/xhtml" xml:lang="en" lang="en">
 <head>
  <title>
</title>
<meta http-equiv="Content-Type" content="text/html;charset=utf-8" />
  <meta name='ocr-system' content='tesseract 3.04.00' />
  <meta name='ocr-capabilities' content='ocr_page ocr_carea ocr_par ocr_line ocrx_word'/>
</head>
<body>
  <div class='ocr_page' id='page_1' title='image "analectavatican00possgoog_0159.png"; bbox 0 0 3464 5280; ppageno 0'>
   <div class='ocr_carea' id='block_1_1' title="bbox 280 522 342 586">
    <p class='ocr_par' dir='ltr' id='par_1_1' title="bbox 280 522 342 586">
     <span class='ocr_line' id='line_1_1' title="bbox 280 522 342 586; baseline 0.032 -2"><span class='ocrx_word' id='word_1_1' title='bbox 280 522 342 586; x_wconf 82' lang='lat'>138</span> 
     </span>
    </p>
   </div>
   <div class='ocr_carea' id='block_1_2' title="bbox 269 679 1530 1657">
    <p class='ocr_par' dir='ltr' id='par_1_2' title="bbox 269 679 1530 1657">
     <span class='ocr_line' id='line_1_2' title="bbox 276 679 1530 767; baseline 0.003 -21"><span class='ocrx_word' id='word_1_2' title='bbox 276 702 332 746; x_wconf 87' lang='lat' dir='ltr'>vos</span> <span class='ocrx_word' id='word_1_3' title='bbox 355 679 417 746; x_wconf 86' lang='lat' dir='ltr'>sibi</span> <span class='ocrx_word' id='word_1_4' title='bbox 440 679 680 766; x_wconf 81' lang='lat' dir='ltr'>assignandum,</span> <span class='ocrx_word' id='word_1_5' title='bbox 704 681 794 746; x_wconf 89' lang='lat' dir='ltr'>vobis</span> <span class='ocrx_word' id='word_1_6' title='bbox 817 702 877 767; x_wconf 88' lang='lat' dir='ltr'>per</span> <span class='ocrx_word' id='word_1_7' title='bbox 900 681 1037 746; x_wconf 90' lang='lat' dir='ltr'>eundem</span> <span class='ocrx_word' id='word_1_8' title='bbox 1067 682 1219 748; x_wconf 89' lang='lat' dir='ltr'>nuntium</span> <span class='ocrx_word' id='word_1_9' title='bbox 1249 681 1463 763; x_wconf 87' lang='lat' dir='ltr'>destinamus,</span> <span class='ocrx_word' id='word_1_10' title='bbox 1493 685 1530 750; x_wconf 93' lang='lat' dir='ltr'>ut</span> 
     </span>
     <span class='ocr_line' id='line_1_3' title="bbox 276 769 1529 858; baseline 0.003 -24"><span class='ocrx_word' id='word_1_11' title='bbox 276 791 313 834; x_wconf 89' lang='lat' dir='ltr'>eo</span> <span class='ocrx_word' id='word_1_12' title='bbox 335 770 423 834; x_wconf 84' lang='lat' dir='ltr'>infra</span> <span class='ocrx_word' id='word_1_13' title='bbox 445 769 610 834; x_wconf 85' lang='lat' dir='ltr'>ecclesiam</span> <span class='ocrx_word' id='word_1_14' title='bbox 633 791 724 834; x_wconf 86' lang='lat' dir='ltr'>suam</span> <span class='ocrx_word' id='word_1_15' title='bbox 747 770 810 834; x_wconf 91' lang='lat' dir='ltr'>illis</span> <span class='ocrx_word' id='word_1_16' title='bbox 834 771 945 835; x_wconf 89' lang='lat' dir='ltr'>diebus</span> <span class='ocrx_word' id='word_1_17' title='bbox 961 774 1079 849; x_wconf 87' lang='lat' dir='ltr'>utatur,</span> <span class='ocrx_word' id='word_1_18' title='bbox 1103 773 1159 855; x_wconf 90' lang='lat' dir='ltr'>qui</span> <span class='ocrx_word' id='word_1_19' title='bbox 1174 773 1319 857; x_wconf 81' lang='lat' dir='ltr'><strong>expressi</strong></span> <span class='ocrx_word' id='word_1_20' title='bbox 1333 773 1369 837; x_wconf 93' lang='lat' dir='ltr'>in</span> <span class='ocrx_word' id='word_1_21' title='bbox 1386 774 1529 858; x_wconf 91' lang='lat' dir='ltr'>ejusdem</span> 
     </span>
     <span class='ocr_line' id='line_1_4' title="bbox 276 858 1528 947; baseline 0.005 -25"><span class='ocrx_word' id='word_1_22' title='bbox 276 859 405 924; x_wconf 80' lang='lat' dir='ltr'>ecclesie</span> <span class='ocrx_word' id='word_1_23' title='bbox 428 858 599 944; x_wconf 83' lang='lat' dir='ltr'>privilegio</span> <span class='ocrx_word' id='word_1_24' title='bbox 623 859 838 924; x_wconf 90' lang='lat' dir='ltr'>continentur.</span> <span class='ocrx_word' id='word_1_25' title='bbox 885 859 1036 940; x_wconf 77' lang='lat' dir='ltr'>Quocirca</span> <span class='ocrx_word' id='word_1_26' title='bbox 1059 860 1265 941; x_wconf 79' lang='lat' dir='ltr'>mandamus,</span> <span class='ocrx_word' id='word_1_27' title='bbox 1289 866 1449 947; x_wconf 90' lang='lat' dir='ltr'>quatenus</span> <span class='ocrx_word' id='word_1_28' title='bbox 1472 885 1528 928; x_wconf 84' lang='lat' dir='ltr'>vos</span> 
     </span>
     <span class='ocr_line' id='line_1_5' title="bbox 274 948 1527 1037; baseline 0.005 -25"><span class='ocrx_word' id='word_1_29' title='bbox 274 948 325 1012; x_wconf 89' lang='lat' dir='ltr'>vel</span> <span class='ocrx_word' id='word_1_30' title='bbox 348 948 430 1012; x_wconf 86' lang='lat' dir='ltr'>alter</span> <span class='ocrx_word' id='word_1_31' title='bbox 452 949 602 1025; x_wconf 84' lang='lat' dir='ltr'>vestrum,</span> <span class='ocrx_word' id='word_1_32' title='bbox 635 949 776 1031; x_wconf 87' lang='lat' dir='ltr'>palleum</span> <span class='ocrx_word' id='word_1_33' title='bbox 799 949 905 1032; x_wconf 90' lang='lat' dir='ltr'>ipsum</span> <span class='ocrx_word' id='word_1_34' title='bbox 929 950 1028 1014; x_wconf 90' lang='lat' dir='ltr'>electo</span> <span class='ocrx_word' id='word_1_35' title='bbox 1052 949 1196 1034; x_wconf 88' lang='lat' dir='ltr'>predicto</span> <span class='ocrx_word' id='word_1_36' title='bbox 1220 951 1387 1037; x_wconf 85' lang='lat' dir='ltr'>assignare</span> <span class='ocrx_word' id='word_1_37' title='bbox 1410 952 1527 1018; x_wconf 88' lang='lat' dir='ltr'>curetis</span> 
     </span>
     <span class='ocr_line' id='line_1_6' title="bbox 269 1038 1527 1122; baseline 0.004 -22"><span class='ocrx_word' id='word_1_38' title='bbox 269 1038 365 1120; x_wconf 86' lang='lat' dir='ltr'>juxta</span> <span class='ocrx_word' id='word_1_39' title='bbox 387 1038 533 1115; x_wconf 88' lang='lat' dir='ltr'>formam,</span> <span class='ocrx_word' id='word_1_40' title='bbox 557 1060 654 1122; x_wconf 90' lang='lat' dir='ltr'>quam</span> <span class='ocrx_word' id='word_1_41' title='bbox 677 1038 766 1102; x_wconf 85' lang='lat' dir='ltr'>vobis</span> <span class='ocrx_word' id='word_1_42' title='bbox 798 1038 856 1102; x_wconf 87' lang='lat' dir='ltr'>sub</span> <span class='ocrx_word' id='word_1_43' title='bbox 888 1039 975 1102; x_wconf 90' lang='lat' dir='ltr'>bulla</span> <span class='ocrx_word' id='word_1_44' title='bbox 998 1041 1109 1104; x_wconf 88' lang='lat' dir='ltr'>nostra</span> <span class='ocrx_word' id='word_1_45' title='bbox 1132 1040 1290 1106; x_wconf 81' lang='lat' dir='ltr'>mittimus</span> <span class='ocrx_word' id='word_1_46' title='bbox 1312 1042 1527 1120; x_wconf 76' lang='lat' dir='ltr'>interclusam,</span> 
     </span>
     <span class='ocr_line' id='line_1_7' title="bbox 274 1125 1526 1213; baseline 0.006 -23"><span class='ocrx_word' id='word_1_47' title='bbox 274 1125 314 1190; x_wconf 88' lang='lat' dir='ltr'>ab</span> <span class='ocrx_word' id='word_1_48' title='bbox 345 1126 456 1191; x_wconf 91' lang='lat' dir='ltr'>eodem</span> <span class='ocrx_word' id='word_1_49' title='bbox 485 1127 711 1191; x_wconf 82' lang='lat' dir='ltr'>nichilominus</span> <span class='ocrx_word' id='word_1_50' title='bbox 744 1126 909 1192; x_wconf 89' lang='lat' dir='ltr'>fidelitatis</span> <span class='ocrx_word' id='word_1_51' title='bbox 937 1129 1158 1213; x_wconf 88' lang='lat' dir='ltr'>juramentum</span> <span class='ocrx_word' id='word_1_52' title='bbox 1190 1133 1300 1194; x_wconf 89' lang='lat' dir='ltr'>nostro</span> <span class='ocrx_word' id='word_1_53' title='bbox 1333 1133 1366 1195; x_wconf 88' lang='lat' dir='ltr'>et</span> <span class='ocrx_word' id='word_1_54' title='bbox 1398 1131 1526 1197; x_wconf 88' lang='lat' dir='ltr'>ecclesie</span> 
     </span>
     <span class='ocr_line' id='line_1_8' title="bbox 272 1213 1526 1302; baseline 0.005 -24"><span class='ocrx_word' id='word_1_55' title='bbox 272 1213 417 1279; x_wconf 82' lang='lat' dir='ltr'>Romane</span> <span class='ocrx_word' id='word_1_56' title='bbox 441 1216 571 1280; x_wconf 89' lang='lat' dir='ltr'>nomine</span> <span class='ocrx_word' id='word_1_57' title='bbox 591 1217 686 1299; x_wconf 86' lang='lat' dir='ltr'>juxta</span> <span class='ocrx_word' id='word_1_58' title='bbox 709 1216 854 1294; x_wconf 86' lang='lat' dir='ltr'>formam,</span> <span class='ocrx_word' id='word_1_59' title='bbox 879 1240 976 1302; x_wconf 86' lang='lat' dir='ltr'>quam</span> <span class='ocrx_word' id='word_1_60' title='bbox 992 1219 1081 1282; x_wconf 91' lang='lat' dir='ltr'>vobis</span> <span class='ocrx_word' id='word_1_61' title='bbox 1098 1217 1157 1282; x_wconf 89' lang='lat' dir='ltr'>sub</span> <span class='ocrx_word' id='word_1_62' title='bbox 1173 1219 1285 1284; x_wconf 91' lang='lat' dir='ltr'>eadem</span> <span class='ocrx_word' id='word_1_63' title='bbox 1307 1219 1396 1284; x_wconf 93' lang='lat' dir='ltr'>bulla</span> <span class='ocrx_word' id='word_1_64' title='bbox 1420 1222 1526 1285; x_wconf 88' lang='lat' dir='ltr'>trans-</span> 
     </span>
     <span class='ocr_line' id='line_1_9' title="bbox 272 1304 1527 1392; baseline 0.004 -24"><span class='ocrx_word' id='word_1_65' title='bbox 272 1304 443 1382; x_wconf 72' lang='lat' dir='ltr'>mittimus,</span> <span class='ocrx_word' id='word_1_66' title='bbox 465 1306 634 1389; x_wconf 84' lang='lat' dir='ltr'>recepturi,</span> <span class='ocrx_word' id='word_1_67' title='bbox 658 1304 885 1370; x_wconf 87' lang='lat' dir='ltr'>nichilominus</span> <span class='ocrx_word' id='word_1_68' title='bbox 909 1307 1119 1392; x_wconf 79' lang='lat' dir='ltr'>injungentes</span> <span class='ocrx_word' id='word_1_69' title='bbox 1144 1307 1262 1386; x_wconf 91' lang='lat' dir='ltr'>eidem,</span> <span class='ocrx_word' id='word_1_70' title='bbox 1293 1309 1331 1372; x_wconf 89' lang='lat' dir='ltr'>ut</span> <span class='ocrx_word' id='word_1_71' title='bbox 1347 1309 1527 1392; x_wconf 89' lang='lat' dir='ltr'>juramenti</span> 
     </span>
     <span class='ocr_line' id='line_1_10' title="bbox 272 1394 1525 1482; baseline 0.002 -22"><span class='ocrx_word' id='word_1_72' title='bbox 272 1395 426 1471; x_wconf 86' lang='lat' dir='ltr'>tenorem,</span> <span class='ocrx_word' id='word_1_73' title='bbox 451 1394 536 1479; x_wconf 89' lang='lat' dir='ltr'>quod</span> <span class='ocrx_word' id='word_1_74' title='bbox 559 1395 630 1478; x_wconf 91' lang='lat' dir='ltr'>ipse</span> <span class='ocrx_word' id='word_1_75' title='bbox 655 1394 835 1479; x_wconf 84' lang='lat' dir='ltr'>prostiterit</span> <span class='ocrx_word' id='word_1_76' title='bbox 858 1396 959 1474; x_wconf 77' lang='lat' dir='ltr'>nobie,</span> <span class='ocrx_word' id='word_1_77' title='bbox 983 1397 1042 1461; x_wconf 91' lang='lat' dir='ltr'>sub</span> <span class='ocrx_word' id='word_1_78' title='bbox 1066 1416 1123 1460; x_wconf 91' lang='lat' dir='ltr'>suo</span> <span class='ocrx_word' id='word_1_79' title='bbox 1147 1396 1254 1481; x_wconf 80' lang='lat' dir='ltr'>sigillo</span> <span class='ocrx_word' id='word_1_80' title='bbox 1277 1418 1335 1482; x_wconf 93' lang='lat' dir='ltr'>per</span> <span class='ocrx_word' id='word_1_81' title='bbox 1358 1398 1525 1482; x_wconf 90' lang='lat' dir='ltr'>proprium</span> 
     </span>
     <span class='ocr_line' id='line_1_11' title="bbox 271 1482 1525 1572; baseline 0.005 -27"><span class='ocrx_word' id='word_1_82' title='bbox 271 1482 421 1546; x_wconf 89' lang='lat' dir='ltr'>nuntium</span> <span class='ocrx_word' id='word_1_83' title='bbox 452 1483 641 1567; x_wconf 89' lang='lat' dir='ltr'>quantocius</span> <span class='ocrx_word' id='word_1_84' title='bbox 672 1483 834 1549; x_wconf 89' lang='lat' dir='ltr'>destinare</span> <span class='ocrx_word' id='word_1_85' title='bbox 864 1489 1020 1569; x_wconf 87' lang='lat' dir='ltr'>procuret.</span> <span class='ocrx_word' id='word_1_86' title='bbox 1066 1485 1187 1551; x_wconf 88' lang='lat' dir='ltr'>Datum</span> <span class='ocrx_word' id='word_1_87' title='bbox 1215 1486 1301 1572; x_wconf 92' lang='lat' dir='ltr'>apud</span> <span class='ocrx_word' id='word_1_88' title='bbox 1324 1486 1446 1552; x_wconf 87' lang='lat' dir='ltr'>Urbem</span> <span class='ocrx_word' id='word_1_89' title='bbox 1469 1509 1525 1551; x_wconf 90' lang='lat' dir='ltr'>ve-</span> 
     </span>
     <span class='ocr_line' id='line_1_12' title="bbox 270 1572 946 1657; baseline 0.004 -21"><span class='ocrx_word' id='word_1_90' title='bbox 270 1574 380 1651; x_wconf 88' lang='lat' dir='ltr'>terem,</span> <span class='ocrx_word' id='word_1_91' title='bbox 404 1573 471 1638; x_wconf 89' lang='lat' dir='ltr'>XV.</span> <span class='ocrx_word' id='word_1_92' title='bbox 496 1572 559 1636; x_wconf 88' lang='lat' dir='ltr'>hal.</span> <span class='ocrx_word' id='word_1_93' title='bbox 585 1572 706 1657; x_wconf 86' lang='lat' dir='ltr'>Aprilis</span> <span class='ocrx_word' id='word_1_94' title='bbox 731 1595 818 1640; x_wconf 88' lang='lat' dir='ltr'>anno</span> <span class='ocrx_word' id='word_1_95' title='bbox 842 1575 946 1639; x_wconf 86' lang='lat' dir='ltr'>tertio.</span> 
     </span>
    </p>
   </div>
   <div class='ocr_carea' id='block_1_3' title="bbox 875 1773 923 1836">
    <p class='ocr_par' dir='ltr' id='par_1_3' title="bbox 875 1773 923 1836">
     <span class='ocr_line' id='line_1_13' title="bbox 875 1773 923 1836; baseline -0.021 0"><span class='ocrx_word' id='word_1_96' title='bbox 875 1773 923 1836; x_wconf 78' lang='lat'>14.</span> 
     </span>
    </p>
   </div>
   <div class='ocr_carea' id='block_1_4' title="bbox 267 1915 1524 2215">
    <p class='ocr_par' dir='ltr' id='par_1_4' title="bbox 267 1915 1524 2215">
     <span class='ocr_line' id='line_1_14' title="bbox 364 1915 1523 2000; baseline 0.002 -20"><span class='ocrx_word' id='word_1_97' title='bbox 364 1917 513 1982; x_wconf 78' lang='lat' dir='ltr'>Urbanus</span> <span class='ocrx_word' id='word_1_98' title='bbox 535 1917 558 1981; x_wconf 93' lang='lat'><em>1</em></span> <span class='ocrx_word' id='word_1_99' title='bbox 564 1917 598 1984; x_wconf 89' lang='lat' dir='ltr'>V.</span> <span class='ocrx_word' id='word_1_100' title='bbox 628 1918 764 1982; x_wconf 82' lang='lat' dir='ltr'>mundet</span> <span class='ocrx_word' id='word_1_101' title='bbox 792 1917 925 1981; x_wconf 83' lang='lat' dir='ltr'>Nicoleo</span> <span class='ocrx_word' id='word_1_102' title='bbox 959 1915 1094 2000; x_wconf 78' lang='lat' dir='ltr'>Capulio</span> <span class='ocrx_word' id='word_1_103' title='bbox 1125 1925 1154 1980; x_wconf 83' lang='lat' dir='ltr'>et</span> <span class='ocrx_word' id='word_1_104' title='bbox 1181 1915 1326 1981; x_wconf 78' lang='lat' dir='ltr'>Iordane</span> <span class='ocrx_word' id='word_1_105' title='bbox 1356 1918 1523 1996; x_wconf 79' lang='lat' dir='ltr'>canocicis,</span> 
     </span>
     <span class='ocr_line' id='line_1_15' title="bbox 267 2022 1524 2106; baseline 0.002 -18"><span class='ocrx_word' id='word_1_106' title='bbox 267 2033 306 2088; x_wconf 84' lang='lat' dir='ltr'>ut</span> <span class='ocrx_word' id='word_1_107' title='bbox 326 2025 481 2101; x_wconf 75' lang='lat' dir='ltr'>studeant,</span> <span class='ocrx_word' id='word_1_108' title='bbox 504 2033 542 2088; x_wconf 85' lang='lat' dir='ltr'>ut</span> <span class='ocrx_word' id='word_1_109' title='bbox 562 2045 684 2092; x_wconf 74' lang='lat' dir='ltr'>summ</span> <span class='ocrx_word' id='word_1_110' title='bbox 706 2025 848 2106; x_wconf 78' lang='lat' dir='ltr'>quedem,</span> <span class='ocrx_word' id='word_1_111' title='bbox 871 2027 911 2087; x_wconf 85' lang='lat' dir='ltr'>ab</span> <span class='ocrx_word' id='word_1_112' title='bbox 927 2024 1061 2088; x_wconf 81' lang='lat' dir='ltr'>Andrec</span> <span class='ocrx_word' id='word_1_113' title='bbox 1077 2034 1106 2088; x_wconf 86' lang='lat' dir='ltr'>et</span> <span class='ocrx_word' id='word_1_114' title='bbox 1120 2022 1236 2088; x_wconf 82' lang='lat' dir='ltr'>Jacobo</span> <span class='ocrx_word' id='word_1_115' title='bbox 1253 2033 1283 2087; x_wconf 84' lang='lat' dir='ltr'>et</span> <span class='ocrx_word' id='word_1_116' title='bbox 1296 2028 1524 2090; x_wconf 80' lang='lat' dir='ltr'>mercatoribus</span> 
     </span>
     <span class='ocr_line' id='line_1_16' title="bbox 267 2130 1523 2215; baseline 0.001 -21"><span class='ocrx_word' id='word_1_117' title='bbox 267 2131 428 2195; x_wconf 71' lang='lat' dir='ltr'>Romame</span> <span class='ocrx_word' id='word_1_118' title='bbox 457 2131 572 2194; x_wconf 81' lang='lat' dir='ltr'>diocesi</span> <span class='ocrx_word' id='word_1_119' title='bbox 602 2139 631 2193; x_wconf 81' lang='lat' dir='ltr'>et</span> <span class='ocrx_word' id='word_1_120' title='bbox 650 2133 811 2214; x_wconf 80' lang='lat' dir='ltr'>provincie</span> <span class='ocrx_word' id='word_1_121' title='bbox 836 2130 1014 2194; x_wconf 76' lang='lat' dir='ltr'>Coloniensi</span> <span class='ocrx_word' id='word_1_122' title='bbox 1036 2140 1197 2205; x_wconf 81' lang='lat' dir='ltr'>mutuate,</span> <span class='ocrx_word' id='word_1_123' title='bbox 1220 2132 1456 2213; x_wconf 78' lang='lat' dir='ltr'>impenderetur.</span> <span class='ocrx_word' id='word_1_124' title='bbox 1485 2133 1523 2215; x_wconf 78' lang='lat' dir='ltr'>cs.</span> 
     </span>
    </p>
   </div>
   <div class='ocr_carea' id='block_1_5' title="bbox 266 2235 1346 2319">
    <p class='ocr_par' dir='ltr' id='par_1_5' title="bbox 266 2235 1346 2319">
     <span class='ocr_line' id='line_1_17' title="bbox 266 2235 1346 2319; baseline 0.001 -19"><span class='ocrx_word' id='word_1_125' title='bbox 266 2235 327 2301; x_wconf 86' lang='lat' dir='ltr'>Nr.</span> <span class='ocrx_word' id='word_1_126' title='bbox 349 2239 424 2302; x_wconf 81' lang='lat'><strong><em>371.</em></strong></span> <span class='ocrx_word' id='word_1_127' title='bbox 469 2236 593 2319; x_wconf 73' lang='lat' dir='ltr'>Apud</span> <span class='ocrx_word' id='word_1_128' title='bbox 624 2237 768 2302; x_wconf 80' lang='lat' dir='ltr'>Urbem</span> <span class='ocrx_word' id='word_1_129' title='bbox 789 2244 979 2318; x_wconf 74' lang='lat' dir='ltr'>cererem,</span> <span class='ocrx_word' id='word_1_130' title='bbox 1003 2236 1109 2303; x_wconf 74' lang='lat'><strong><em>1264</em></strong></span> <span class='ocrx_word' id='word_1_131' title='bbox 1130 2237 1258 2304; x_wconf 66' lang='lat' dir='ltr'>Mart.</span> <span class='ocrx_word' id='word_1_132' title='bbox 1281 2236 1346 2305; x_wconf 78' lang='lat'>28.</span> 
     </span>
    </p>
   </div>
   <div class='ocr_carea' id='block_1_6' title="bbox 191 2375 1546 4598">
    <p class='ocr_par' dir='ltr' id='par_1_6' title="bbox 266 2375 1521 2634">
     <span class='ocr_line' id='line_1_18' title="bbox 356 2375 1521 2463; baseline 0 -20"><span class='ocrx_word' id='word_1_133' title='bbox 356 2377 489 2443; x_wconf 90' lang='lat' dir='ltr'>Nicolao</span> <span class='ocrx_word' id='word_1_134' title='bbox 513 2375 648 2462; x_wconf 78' lang='lat' dir='ltr'>Caputio</span> <span class='ocrx_word' id='word_1_135' title='bbox 671 2379 823 2443; x_wconf 89' lang='lat' dir='ltr'>canonico</span> <span class='ocrx_word' id='word_1_136' title='bbox 842 2378 995 2442; x_wconf 90' lang='lat' dir='ltr'>Remensi</span> <span class='ocrx_word' id='word_1_137' title='bbox 1019 2381 1051 2442; x_wconf 84' lang='lat' dir='ltr'>et</span> <span class='ocrx_word' id='word_1_138' title='bbox 1071 2379 1214 2443; x_wconf 87' lang='lat' dir='ltr'>Jordano</span> <span class='ocrx_word' id='word_1_139' title='bbox 1238 2378 1401 2463; x_wconf 85' lang='lat' dir='ltr'>signorilis</span> <span class='ocrx_word' id='word_1_140' title='bbox 1425 2400 1521 2443; x_wconf 89' lang='lat' dir='ltr'>cano-</span> 
     </span>
     <span class='ocr_line' id='line_1_19' title="bbox 268 2466 1520 2546; baseline 0 -14"><span class='ocrx_word' id='word_1_141' title='bbox 268 2467 340 2532; x_wconf 91' lang='lat' dir='ltr'>nico</span> <span class='ocrx_word' id='word_1_142' title='bbox 357 2466 486 2530; x_wconf 91' lang='lat' dir='ltr'>ecclesie</span> <span class='ocrx_word' id='word_1_143' title='bbox 504 2466 755 2532; x_wconf 83' lang='lat' dir='ltr'>Gerbcredensis</span> <span class='ocrx_word' id='word_1_144' title='bbox 771 2468 977 2532; x_wconf 89' lang='lat' dir='ltr'>Belvacensis</span> <span class='ocrx_word' id='word_1_145' title='bbox 1001 2466 1142 2546; x_wconf 90' lang='lat' dir='ltr'>diocesis,</span> <span class='ocrx_word' id='word_1_146' title='bbox 1166 2468 1297 2532; x_wconf 90' lang='lat' dir='ltr'>Parisiis</span> <span class='ocrx_word' id='word_1_147' title='bbox 1320 2489 1520 2532; x_wconf 86' lang='lat' dir='ltr'>commoran-</span> 
     </span>
     <span class='ocr_line' id='line_1_20' title="bbox 266 2555 1520 2634; baseline -0.002 -12"><span class='ocrx_word' id='word_1_148' title='bbox 266 2556 361 2623; x_wconf 90' lang='lat' dir='ltr'>tibus.</span> <span class='ocrx_word' id='word_1_149' title='bbox 400 2555 517 2620; x_wconf 89' lang='lat' dir='ltr'>Dileeti</span> <span class='ocrx_word' id='word_1_150' title='bbox 549 2557 607 2620; x_wconf 89' lang='lat' dir='ltr'>filii</span> <span class='ocrx_word' id='word_1_151' title='bbox 633 2556 778 2620; x_wconf 87' lang='lat' dir='ltr'>Andreas</span> <span class='ocrx_word' id='word_1_152' title='bbox 802 2560 836 2620; x_wconf 90' lang='lat' dir='ltr'>et</span> <span class='ocrx_word' id='word_1_153' title='bbox 858 2557 997 2621; x_wconf 58' lang='lat' dir='ltr'>,lacobus</span> <span class='ocrx_word' id='word_1_154' title='bbox 1022 2555 1197 2621; x_wconf 84' lang='lat' dir='ltr'>Crescentii</span> <span class='ocrx_word' id='word_1_155' title='bbox 1219 2557 1372 2621; x_wconf 90' lang='lat' dir='ltr'>Nicolatti</span> <span class='ocrx_word' id='word_1_156' title='bbox 1394 2558 1520 2634; x_wconf 87' lang='lat' dir='ltr'>fratres,</span> 
     </span>
    </p>

    <p class='ocr_par' dir='ltr' id='par_1_7' title="bbox 191 2645 1546 4598">
     <span class='ocr_line' id='line_1_21' title="bbox 191 2645 1520 2724; baseline 0 -14"><span class='ocrx_word' id='word_1_157' title='bbox 191 2663 193 2668; x_wconf 84' lang='grc'><strong>’</strong></span> <span class='ocrx_word' id='word_1_158' title='bbox 269 2647 352 2711; x_wconf 83' lang='lat' dir='ltr'>cives</span> <span class='ocrx_word' id='word_1_159' title='bbox 369 2646 402 2710; x_wconf 91' lang='lat' dir='ltr'>et</span> <span class='ocrx_word' id='word_1_160' title='bbox 416 2647 609 2710; x_wconf 75' lang='lat' dir='ltr'>mercatores</span> <span class='ocrx_word' id='word_1_161' title='bbox 623 2645 769 2722; x_wconf 89' lang='lat' dir='ltr'>Romani,</span> <span class='ocrx_word' id='word_1_162' title='bbox 793 2647 896 2711; x_wconf 89' lang='lat' dir='ltr'>nostri</span> <span class='ocrx_word' id='word_1_163' title='bbox 920 2649 953 2709; x_wconf 90' lang='lat' dir='ltr'>et</span> <span class='ocrx_word' id='word_1_164' title='bbox 976 2647 1104 2710; x_wconf 89' lang='lat' dir='ltr'>ecclesie</span> <span class='ocrx_word' id='word_1_165' title='bbox 1121 2647 1265 2710; x_wconf 87' lang='lat' dir='ltr'>Romane</span> <span class='ocrx_word' id='word_1_166' title='bbox 1289 2645 1404 2724; x_wconf 84' lang='lat' dir='ltr'>devoti,</span> <span class='ocrx_word' id='word_1_167' title='bbox 1427 2647 1520 2711; x_wconf 91' lang='lat' dir='ltr'>nobis</span> 
     </span>
     <span class='ocr_line' id='line_1_22' title="bbox 268 2733 1520 2820; baseline -0.002 -19"><span class='ocrx_word' id='word_1_168' title='bbox 268 2735 449 2820; x_wconf 84' lang='lat' dir='ltr'>significare</span> <span class='ocrx_word' id='word_1_169' title='bbox 472 2737 633 2812; x_wconf 84' lang='lat' dir='ltr'>curarunt,</span> <span class='ocrx_word' id='word_1_170' title='bbox 657 2734 839 2819; x_wconf 90' lang='lat' dir='ltr'>quodlicet</span> <span class='ocrx_word' id='word_1_171' title='bbox 866 2735 930 2818; x_wconf 89' lang='lat' dir='ltr'>ipsi</span> <span class='ocrx_word' id='word_1_172' title='bbox 960 2757 1017 2800; x_wconf 91' lang='lat' dir='ltr'>suo</span> <span class='ocrx_word' id='word_1_173' title='bbox 1048 2738 1080 2798; x_wconf 90' lang='lat' dir='ltr'>et</span> <span class='ocrx_word' id='word_1_174' title='bbox 1102 2735 1322 2800; x_wconf 89' lang='lat' dir='ltr'>Bartholomci</span> <span class='ocrx_word' id='word_1_175' title='bbox 1346 2733 1520 2798; x_wconf 83' lang='lat' dir='ltr'>Crescentii</span> 
     </span>
     <span class='ocr_line' id='line_1_23' title="bbox 265 2822 1520 2907; baseline 0 -19"><span class='ocrx_word' id='word_1_176' title='bbox 265 2825 375 2888; x_wconf 86' lang='lat' dir='ltr'>fratris</span> <span class='ocrx_word' id='word_1_177' title='bbox 398 2825 448 2888; x_wconf 94' lang='lat' dir='ltr'>sui</span> <span class='ocrx_word' id='word_1_178' title='bbox 471 2824 611 2902; x_wconf 91' lang='lat' dir='ltr'>nomine,</span> <span class='ocrx_word' id='word_1_179' title='bbox 634 2824 811 2888; x_wconf 88' lang='lat' dir='ltr'>venerabili</span> <span class='ocrx_word' id='word_1_180' title='bbox 834 2825 927 2888; x_wconf 83' lang='lat' dir='ltr'>fratri</span> <span class='ocrx_word' id='word_1_181' title='bbox 950 2827 1060 2888; x_wconf 91' lang='lat' dir='ltr'>nostro</span> <span class='ocrx_word' id='word_1_182' title='bbox 1083 2823 1321 2907; x_wconf 89' lang='lat' dir='ltr'>archiepiscopo</span> <span class='ocrx_word' id='word_1_183' title='bbox 1336 2822 1520 2888; x_wconf 81' lang='lat' dir='ltr'>Coloniensi</span> 
     </span>
     <span class='ocr_line' id='line_1_24' title="bbox 268 2912 1518 2997; baseline 0 -20"><span class='ocrx_word' id='word_1_184' title='bbox 268 2915 301 2977; x_wconf 84' lang='lat' dir='ltr'>et</span> <span class='ocrx_word' id='word_1_185' title='bbox 316 2912 481 2978; x_wconf 89' lang='lat' dir='ltr'>nonnullis</span> <span class='ocrx_word' id='word_1_186' title='bbox 505 2913 719 2997; x_wconf 85' lang='lat' dir='ltr'>suffraganeis</span> <span class='ocrx_word' id='word_1_187' title='bbox 742 2913 844 2996; x_wconf 92' lang='lat' dir='ltr'>ipsius</span> <span class='ocrx_word' id='word_1_188' title='bbox 864 2913 1093 2991; x_wconf 79' lang='lat' dir='ltr'>coabbatibus,</span> <span class='ocrx_word' id='word_1_189' title='bbox 1118 2913 1285 2996; x_wconf 86' lang='lat' dir='ltr'>prioribus,</span> <span class='ocrx_word' id='word_1_190' title='bbox 1308 2913 1518 2977; x_wconf 87' lang='lat' dir='ltr'>conventibus</span> 
     </span>
     <span class='ocr_line' id='line_1_25' title="bbox 267 3001 1519 3087; baseline -0.002 -21"><span class='ocrx_word' id='word_1_191' title='bbox 267 3005 300 3066; x_wconf 90' lang='lat' dir='ltr'>et</span> <span class='ocrx_word' id='word_1_192' title='bbox 321 3002 478 3087; x_wconf 75' lang='lat' dir='ltr'>capitulis</span> <span class='ocrx_word' id='word_1_193' title='bbox 501 3002 791 3080; x_wconf 70' lang='lat' dir='ltr'>communitatibus,</span> <span class='ocrx_word' id='word_1_194' title='bbox 815 3002 991 3080; x_wconf 84' lang='lat' dir='ltr'>comitibus,</span> <span class='ocrx_word' id='word_1_195' title='bbox 1015 3002 1197 3080; x_wconf 89' lang='lat' dir='ltr'>baronibus,</span> <span class='ocrx_word' id='word_1_196' title='bbox 1220 3001 1375 3066; x_wconf 87' lang='lat' dir='ltr'>militibus</span> <span class='ocrx_word' id='word_1_197' title='bbox 1395 3024 1431 3065; x_wconf 89' lang='lat' dir='ltr'>ao</span> <span class='ocrx_word' id='word_1_198' title='bbox 1446 3001 1519 3085; x_wconf 91' lang='lat' dir='ltr'>qui·</span> 
     </span>
     <span class='ocr_line' id='line_1_26' title="bbox 265 3089 1517 3174; baseline -0.002 -19"><span class='ocrx_word' id='word_1_199' title='bbox 265 3090 401 3155; x_wconf 90' lang='lat' dir='ltr'>busdam</span> <span class='ocrx_word' id='word_1_200' title='bbox 424 3091 495 3155; x_wconf 89' lang='lat' dir='ltr'>aliis</span> <span class='ocrx_word' id='word_1_201' title='bbox 519 3091 639 3156; x_wconf 86' lang='lat' dir='ltr'>clericis</span> <span class='ocrx_word' id='word_1_202' title='bbox 663 3098 696 3155; x_wconf 90' lang='lat' dir='ltr'>et</span> <span class='ocrx_word' id='word_1_203' title='bbox 718 3091 806 3155; x_wconf 90' lang='lat' dir='ltr'>laicis</span> <span class='ocrx_word' id='word_1_204' title='bbox 830 3092 968 3156; x_wconf 90' lang='lat' dir='ltr'>civitatis</span> <span class='ocrx_word' id='word_1_205' title='bbox 998 3094 1031 3155; x_wconf 93' lang='lat' dir='ltr'>et</span> <span class='ocrx_word' id='word_1_206' title='bbox 1053 3091 1186 3155; x_wconf 91' lang='lat' dir='ltr'>diocesis</span> <span class='ocrx_word' id='word_1_207' title='bbox 1211 3113 1246 3155; x_wconf 87' lang='lat' dir='ltr'>ac</span> <span class='ocrx_word' id='word_1_208' title='bbox 1269 3091 1432 3174; x_wconf 87' lang='lat' dir='ltr'>provincie</span> <span class='ocrx_word' id='word_1_209' title='bbox 1457 3089 1517 3154; x_wconf 80' lang='lat' dir='ltr'>Co-</span> 
     </span>
     <span class='ocr_line' id='line_1_27' title="bbox 266 3179 1546 3264; baseline 0.002 -18"><span class='ocrx_word' id='word_1_210' title='bbox 266 3180 421 3246; x_wconf 87' lang='lat' dir='ltr'>loniensis</span> <span class='ocrx_word' id='word_1_211' title='bbox 444 3180 599 3264; x_wconf 89' lang='lat' dir='ltr'>quasdam</span> <span class='ocrx_word' id='word_1_212' title='bbox 623 3181 831 3262; x_wconf 84' lang='lat' dir='ltr'>pecuniarum</span> <span class='ocrx_word' id='word_1_213' title='bbox 854 3203 995 3246; x_wconf 90' lang='lat' dir='ltr'>summas</span> <span class='ocrx_word' id='word_1_214' title='bbox 1009 3180 1197 3259; x_wconf 84' lang='lat' dir='ltr'>mutuarint,</span> <span class='ocrx_word' id='word_1_215' title='bbox 1220 3179 1314 3244; x_wconf 87' lang='lat' dir='ltr'>certis</span> <span class='ocrx_word' id='word_1_216' title='bbox 1331 3179 1377 3243; x_wconf 89' lang='lat' dir='ltr'>eis</span> <span class='ocrx_word' id='word_1_217' title='bbox 1392 3179 1469 3244; x_wconf 91' lang='lat' dir='ltr'>locis</span> <span class='ocrx_word' id='word_1_218' title='bbox 1485 3181 1518 3243; x_wconf 90' lang='lat' dir='ltr'>et</span> <span class='ocrx_word' id='word_1_219' title='bbox 1543 3239 1546 3248; x_wconf 94' lang='grc'><em>,</em></span> 
     </span>
     <span class='ocr_line' id='line_1_28' title="bbox 265 3268 1517 3353; baseline -0.002 -19"><span class='ocrx_word' id='word_1_220' title='bbox 265 3269 412 3334; x_wconf 88' lang='lat' dir='ltr'>terminis</span> <span class='ocrx_word' id='word_1_221' title='bbox 435 3269 664 3353; x_wconf 87' lang='lat' dir='ltr'>persolvendas</span> <span class='ocrx_word' id='word_1_222' title='bbox 688 3269 808 3334; x_wconf 88' lang='lat' dir='ltr'>eisdem</span> <span class='ocrx_word' id='word_1_223' title='bbox 831 3270 1007 3346; x_wconf 87' lang='lat' dir='ltr'>comitibus,</span> <span class='ocrx_word' id='word_1_224' title='bbox 1030 3269 1212 3345; x_wconf 85' lang='lat' dir='ltr'>baronibus,</span> <span class='ocrx_word' id='word_1_225' title='bbox 1235 3268 1517 3332; x_wconf 88' lang='lat' dir='ltr'>communitatibus</span> 
     </span>
     <span class='ocr_line' id='line_1_29' title="bbox 266 3357 1517 3444; baseline -0.003 -20"><span class='ocrx_word' id='word_1_226' title='bbox 266 3361 299 3424; x_wconf 88' lang='lat' dir='ltr'>ct</span> <span class='ocrx_word' id='word_1_227' title='bbox 321 3360 418 3436; x_wconf 88' lang='lat' dir='ltr'>laicis,</span> <span class='ocrx_word' id='word_1_228' title='bbox 442 3379 476 3423; x_wconf 91' lang='lat' dir='ltr'>se</span> <span class='ocrx_word' id='word_1_229' title='bbox 500 3358 776 3423; x_wconf 88' lang='lat' dir='ltr'>summittentibus</span> <span class='ocrx_word' id='word_1_230' title='bbox 800 3381 897 3444; x_wconf 88' lang='lat' dir='ltr'>super</span> <span class='ocrx_word' id='word_1_231' title='bbox 920 3360 980 3423; x_wconf 92' lang='lat' dir='ltr'>hoc</span> <span class='ocrx_word' id='word_1_232' title='bbox 997 3357 1215 3441; x_wconf 89' lang='lat' dir='ltr'>jurisdictioni</span> <span class='ocrx_word' id='word_1_233' title='bbox 1241 3357 1444 3422; x_wconf 89' lang='lat' dir='ltr'>ecclesiastici</span> <span class='ocrx_word' id='word_1_234' title='bbox 1462 3358 1517 3440; x_wconf 90' lang='lat' dir='ltr'>ju-</span> 
     </span>
     <span class='ocr_line' id='line_1_30' title="bbox 265 3445 1516 3532; baseline -0.004 -19"><span class='ocrx_word' id='word_1_235' title='bbox 265 3448 343 3514; x_wconf 90' lang='lat' dir='ltr'>dicis</span> <span class='ocrx_word' id='word_1_236' title='bbox 367 3469 425 3512; x_wconf 92' lang='lat' dir='ltr'>nec</span> <span class='ocrx_word' id='word_1_237' title='bbox 447 3469 515 3512; x_wconf 92' lang='lat' dir='ltr'>non</span> <span class='ocrx_word' id='word_1_238' title='bbox 531 3447 779 3532; x_wconf 87' lang='lat' dir='ltr'>archiepiscopo,</span> <span class='ocrx_word' id='word_1_239' title='bbox 803 3448 1026 3532; x_wconf 85' lang='lat' dir='ltr'>suffraganeis,</span> <span class='ocrx_word' id='word_1_240' title='bbox 1050 3447 1228 3524; x_wconf 90' lang='lat' dir='ltr'>abbatibus,</span> <span class='ocrx_word' id='word_1_241' title='bbox 1250 3445 1417 3530; x_wconf 90' lang='lat' dir='ltr'>prioribus,</span> <span class='ocrx_word' id='word_1_242' title='bbox 1441 3467 1516 3509; x_wconf 91' lang='lat' dir='ltr'>con-</span> 
     </span>
     <span class='ocr_line' id='line_1_31' title="bbox 265 3534 1517 3620; baseline -0.003 -18"><span class='ocrx_word' id='word_1_243' title='bbox 265 3538 423 3615; x_wconf 84' lang='lat' dir='ltr'>ventibus,</span> <span class='ocrx_word' id='word_1_244' title='bbox 447 3537 605 3620; x_wconf 89' lang='lat' dir='ltr'>capitulis,</span> <span class='ocrx_word' id='word_1_245' title='bbox 629 3537 750 3600; x_wconf 87' lang='lat' dir='ltr'>clericis</span> <span class='ocrx_word' id='word_1_246' title='bbox 766 3539 799 3600; x_wconf 88' lang='lat' dir='ltr'>et</span> <span class='ocrx_word' id='word_1_247' title='bbox 815 3537 885 3601; x_wconf 91' lang='lat' dir='ltr'>aliis</span> <span class='ocrx_word' id='word_1_248' title='bbox 901 3537 1050 3600; x_wconf 90' lang='lat' dir='ltr'>omnibus</span> <span class='ocrx_word' id='word_1_249' title='bbox 1073 3535 1271 3620; x_wconf 88' lang='lat' dir='ltr'>supradictis,</span> <span class='ocrx_word' id='word_1_250' title='bbox 1295 3534 1517 3599; x_wconf 87' lang='lat' dir='ltr'>constitutioni</span> 
     </span>
     <span class='ocr_line' id='line_1_32' title="bbox 266 3623 1516 3712; baseline -0.004 -22"><span class='ocrx_word' id='word_1_251' title='bbox 266 3626 305 3690; x_wconf 89' lang='lat' dir='ltr'>de</span> <span class='ocrx_word' id='word_1_252' title='bbox 329 3626 451 3691; x_wconf 89' lang='lat' dir='ltr'>duabus</span> <span class='ocrx_word' id='word_1_253' title='bbox 474 3625 570 3690; x_wconf 89' lang='lat' dir='ltr'>dietis</span> <span class='ocrx_word' id='word_1_254' title='bbox 592 3625 675 3690; x_wconf 89' lang='lat' dir='ltr'>edite</span> <span class='ocrx_word' id='word_1_255' title='bbox 698 3626 734 3689; x_wconf 90' lang='lat' dir='ltr'>iu</span> <span class='ocrx_word' id='word_1_256' title='bbox 757 3626 889 3690; x_wconf 91' lang='lat' dir='ltr'>concilio</span> <span class='ocrx_word' id='word_1_257' title='bbox 913 3625 1059 3712; x_wconf 85' lang='lat' dir='ltr'>generali</span> <span class='ocrx_word' id='word_1_258' title='bbox 1082 3627 1115 3688; x_wconf 88' lang='lat' dir='ltr'>ct</span> <span class='ocrx_word' id='word_1_259' title='bbox 1137 3625 1246 3689; x_wconf 89' lang='lat' dir='ltr'>multis</span> <span class='ocrx_word' id='word_1_260' title='bbox 1263 3627 1295 3688; x_wconf 92' lang='lat' dir='ltr'>ct</span> <span class='ocrx_word' id='word_1_261' title='bbox 1310 3623 1445 3688; x_wconf 86' lang='lat' dir='ltr'>diversis</span> <span class='ocrx_word' id='word_1_262' title='bbox 1461 3645 1516 3686; x_wconf 85' lang='lat' dir='ltr'>ex-</span> 
     </span>
     <span class='ocr_line' id='line_1_33' title="bbox 266 3711 1517 3800; baseline -0.004 -20"><span class='ocrx_word' id='word_1_263' title='bbox 266 3715 468 3800; x_wconf 88' lang='lat' dir='ltr'>ceptionibus</span> <span class='ocrx_word' id='word_1_264' title='bbox 485 3736 520 3779; x_wconf 92' lang='lat' dir='ltr'>ac</span> <span class='ocrx_word' id='word_1_265' title='bbox 536 3714 727 3799; x_wconf 89' lang='lat' dir='ltr'>quibusdam</span> <span class='ocrx_word' id='word_1_266' title='bbox 744 3715 814 3779; x_wconf 89' lang='lat' dir='ltr'>aliis</span> <span class='ocrx_word' id='word_1_267' title='bbox 837 3715 1108 3792; x_wconf 73' lang='lat' dir='ltr'>renuntiantibus</span> <span class='ocrx_word' id='word_1_268' title='bbox 1133 3716 1227 3796; x_wconf 91' lang='lat' dir='ltr'>prout</span> <span class='ocrx_word' id='word_1_269' title='bbox 1242 3713 1277 3776; x_wconf 91' lang='lat' dir='ltr'>in</span> <span class='ocrx_word' id='word_1_270' title='bbox 1293 3711 1517 3777; x_wconf 87' lang='lat' dir='ltr'>instrumentis</span> 
     </span>
     <span class='ocr_line' id='line_1_34' title="bbox 266 3801 1515 3887; baseline -0.004 -19"><span class='ocrx_word' id='word_1_271' title='bbox 266 3807 299 3869; x_wconf 89' lang='lat' dir='ltr'>et</span> <span class='ocrx_word' id='word_1_272' title='bbox 321 3803 436 3868; x_wconf 87' lang='lat' dir='ltr'>litteris</span> <span class='ocrx_word' id='word_1_273' title='bbox 458 3803 534 3867; x_wconf 88' lang='lat' dir='ltr'>inde</span> <span class='ocrx_word' id='word_1_274' title='bbox 557 3803 709 3868; x_wconf 88' lang='lat' dir='ltr'>confectis</span> <span class='ocrx_word' id='word_1_275' title='bbox 733 3825 883 3887; x_wconf 83' lang='lat' dir='ltr'>expresse</span> <span class='ocrx_word' id='word_1_276' title='bbox 903 3826 939 3868; x_wconf 92' lang='lat' dir='ltr'>ac</span> <span class='ocrx_word' id='word_1_277' title='bbox 954 3803 1082 3887; x_wconf 89' lang='lat' dir='ltr'>plenius</span> <span class='ocrx_word' id='word_1_278' title='bbox 1106 3801 1220 3866; x_wconf 89' lang='lat' dir='ltr'>dicitur</span> <span class='ocrx_word' id='word_1_279' title='bbox 1242 3801 1409 3877; x_wconf 88' lang='lat' dir='ltr'>contineri,</span> <span class='ocrx_word' id='word_1_280' title='bbox 1433 3821 1515 3864; x_wconf 92' lang='lat' dir='ltr'>non-</span> 
     </span>
     <span class='ocr_line' id='line_1_35' title="bbox 265 3890 1515 3977; baseline -0.003 -19"><span class='ocrx_word' id='word_1_281' title='bbox 265 3893 341 3959; x_wconf 93' lang='lat' dir='ltr'>dum</span> <span class='ocrx_word' id='word_1_282' title='bbox 364 3896 474 3958; x_wconf 88' lang='lat' dir='ltr'>tamen</span> <span class='ocrx_word' id='word_1_283' title='bbox 498 3894 548 3956; x_wconf 89' lang='lat' dir='ltr'>cst</span> <span class='ocrx_word' id='word_1_284' title='bbox 570 3892 615 3955; x_wconf 88' lang='lat' dir='ltr'>eis</span> <span class='ocrx_word' id='word_1_285' title='bbox 639 3891 677 3955; x_wconf 92' lang='lat' dir='ltr'>de</span> <span class='ocrx_word' id='word_1_286' title='bbox 700 3891 885 3975; x_wconf 88' lang='lat' dir='ltr'>hujusmodi</span> <span class='ocrx_word' id='word_1_287' title='bbox 907 3893 1116 3977; x_wconf 87' lang='lat' dir='ltr'>pecuniarum</span> <span class='ocrx_word' id='word_1_288' title='bbox 1146 3891 1278 3955; x_wconf 89' lang='lat' dir='ltr'>summis</span> <span class='ocrx_word' id='word_1_289' title='bbox 1308 3890 1515 3965; x_wconf 84' lang='lat' dir='ltr'>satisfactum,</span> 
     </span>
     <span class='ocr_line' id='line_1_36' title="bbox 265 3979 1516 4069; baseline -0.006 -20"><span class='ocrx_word' id='word_1_290' title='bbox 265 4005 450 4069; x_wconf 89' lang='lat' dir='ltr'>quanquam</span> <span class='ocrx_word' id='word_1_291' title='bbox 480 3981 675 4046; x_wconf 90' lang='lat' dir='ltr'>solutionum</span> <span class='ocrx_word' id='word_1_292' title='bbox 703 3981 834 4045; x_wconf 91' lang='lat' dir='ltr'>termini</span> <span class='ocrx_word' id='word_1_293' title='bbox 864 3983 929 4046; x_wconf 89' lang='lat' dir='ltr'>sint</span> <span class='ocrx_word' id='word_1_294' title='bbox 959 3981 1075 4065; x_wconf 90' lang='lat' dir='ltr'>elapsi,</span> <span class='ocrx_word' id='word_1_295' title='bbox 1105 3982 1239 4064; x_wconf 90' lang='lat' dir='ltr'>propter</span> <span class='ocrx_word' id='word_1_296' title='bbox 1267 3979 1350 4064; x_wconf 90' lang='lat' dir='ltr'>quod</span> <span class='ocrx_word' id='word_1_297' title='bbox 1375 3979 1516 4062; x_wconf 89' lang='lat' dir='ltr'>dampna</span> 
     </span>
     <span class='ocr_line' id='line_1_37' title="bbox 265 4067 1515 4158; baseline -0.006 -21"><span class='ocrx_word' id='word_1_298' title='bbox 265 4073 378 4158; x_wconf 78' lang='lat' dir='ltr'>gravia</span> <span class='ocrx_word' id='word_1_299' title='bbox 408 4075 441 4136; x_wconf 87' lang='lat' dir='ltr'>et</span> <span class='ocrx_word' id='word_1_300' title='bbox 471 4091 629 4155; x_wconf 83' lang='lat' dir='ltr'>expensas</span> <span class='ocrx_word' id='word_1_301' title='bbox 659 4091 692 4134; x_wconf 89' lang='lat' dir='ltr'>se</span> <span class='ocrx_word' id='word_1_302' title='bbox 724 4072 872 4134; x_wconf 87' lang='lat' dir='ltr'>asserunt</span> <span class='ocrx_word' id='word_1_303' title='bbox 899 4070 1079 4134; x_wconf 87' lang='lat' dir='ltr'>incurrisse.</span> <span class='ocrx_word' id='word_1_304' title='bbox 1133 4069 1285 4149; x_wconf 78' lang='lat' dir='ltr'>Quocirca</span> <span class='ocrx_word' id='word_1_305' title='bbox 1316 4067 1515 4144; x_wconf 87' lang='lat' dir='ltr'>mandamus,</span> 
     </span>
     <span class='ocr_line' id='line_1_38' title="bbox 265 4155 1516 4246; baseline -0.006 -20"><span class='ocrx_word' id='word_1_306' title='bbox 265 4164 424 4246; x_wconf 87' lang='lat' dir='ltr'>quatenus</span> <span class='ocrx_word' id='word_1_307' title='bbox 448 4182 503 4226; x_wconf 88' lang='lat' dir='ltr'>vos</span> <span class='ocrx_word' id='word_1_308' title='bbox 526 4160 578 4224; x_wconf 87' lang='lat' dir='ltr'>vel</span> <span class='ocrx_word' id='word_1_309' title='bbox 601 4160 682 4224; x_wconf 89' lang='lat' dir='ltr'>alter</span> <span class='ocrx_word' id='word_1_310' title='bbox 705 4162 846 4225; x_wconf 88' lang='lat' dir='ltr'>vestrum</span> <span class='ocrx_word' id='word_1_311' title='bbox 870 4181 928 4244; x_wconf 87' lang='lat' dir='ltr'>per</span> <span class='ocrx_word' id='word_1_312' title='bbox 950 4180 1006 4223; x_wconf 84' lang='lat' dir='ltr'>vos</span> <span class='ocrx_word' id='word_1_313' title='bbox 1029 4159 1080 4222; x_wconf 88' lang='lat' dir='ltr'>vel</span> <span class='ocrx_word' id='word_1_314' title='bbox 1104 4159 1202 4222; x_wconf 86' lang='lat' dir='ltr'>alium</span> <span class='ocrx_word' id='word_1_315' title='bbox 1226 4180 1282 4222; x_wconf 91' lang='lat' dir='ltr'>seu</span> <span class='ocrx_word' id='word_1_316' title='bbox 1306 4158 1384 4222; x_wconf 89' lang='lat' dir='ltr'>alios</span> <span class='ocrx_word' id='word_1_317' title='bbox 1402 4155 1516 4239; x_wconf 89' lang='lat' dir='ltr'>hujus-</span> 
     </span>
     <span class='ocr_line' id='line_1_39' title="bbox 266 4243 1516 4334; baseline -0.006 -20"><span class='ocrx_word' id='word_1_318' title='bbox 266 4250 353 4316; x_wconf 89' lang='lat' dir='ltr'>modi</span> <span class='ocrx_word' id='word_1_319' title='bbox 372 4250 540 4325; x_wconf 88' lang='lat' dir='ltr'>debitores,</span> <span class='ocrx_word' id='word_1_320' title='bbox 564 4271 673 4313; x_wconf 89' lang='lat' dir='ltr'>eorum</span> <span class='ocrx_word' id='word_1_321' title='bbox 696 4249 832 4314; x_wconf 85' lang='lat' dir='ltr'>veritate</span> <span class='ocrx_word' id='word_1_322' title='bbox 855 4248 986 4334; x_wconf 86' lang='lat' dir='ltr'>cognita</span> <span class='ocrx_word' id='word_1_323' title='bbox 1009 4247 1048 4312; x_wconf 91' lang='lat' dir='ltr'>de</span> <span class='ocrx_word' id='word_1_324' title='bbox 1072 4247 1245 4331; x_wconf 89' lang='lat' dir='ltr'>premissis,</span> <span class='ocrx_word' id='word_1_325' title='bbox 1269 4245 1353 4330; x_wconf 90' lang='lat' dir='ltr'>quod</span> <span class='ocrx_word' id='word_1_326' title='bbox 1369 4245 1408 4309; x_wconf 90' lang='lat' dir='ltr'>de</span> <span class='ocrx_word' id='word_1_327' title='bbox 1424 4243 1516 4309; x_wconf 88' lang='lat' dir='ltr'>dictis</span> 
     </span>
     <span class='ocr_line' id='line_1_40' title="bbox 265 4335 1515 4425; baseline -0.007 -20"><span class='ocrx_word' id='word_1_328' title='bbox 265 4339 471 4425; x_wconf 87' lang='lat' dir='ltr'>pecuniarum</span> <span class='ocrx_word' id='word_1_329' title='bbox 495 4339 635 4415; x_wconf 89' lang='lat' dir='ltr'>summis,</span> <span class='ocrx_word' id='word_1_330' title='bbox 657 4339 693 4403; x_wconf 91' lang='lat' dir='ltr'>in</span> <span class='ocrx_word' id='word_1_331' title='bbox 716 4338 831 4422; x_wconf 91' lang='lat' dir='ltr'>quibus</span> <span class='ocrx_word' id='word_1_332' title='bbox 853 4339 1007 4402; x_wconf 90' lang='lat' dir='ltr'>tenentur</span> <span class='ocrx_word' id='word_1_333' title='bbox 1030 4336 1157 4414; x_wconf 89' lang='lat' dir='ltr'>eisdem,</span> <span class='ocrx_word' id='word_1_334' title='bbox 1181 4359 1252 4400; x_wconf 92' lang='lat' dir='ltr'>cum</span> <span class='ocrx_word' id='word_1_335' title='bbox 1270 4335 1368 4419; x_wconf 88' lang='lat' dir='ltr'>justis</span> <span class='ocrx_word' id='word_1_336' title='bbox 1392 4337 1425 4398; x_wconf 91' lang='lat' dir='ltr'>et</span> <span class='ocrx_word' id='word_1_337' title='bbox 1446 4354 1515 4397; x_wconf 91' lang='lat' dir='ltr'>mo-</span> 
     </span>
     <span class='ocr_line' id='line_1_41' title="bbox 265 4423 1515 4512; baseline -0.006 -19"><span class='ocrx_word' id='word_1_338' title='bbox 265 4429 384 4494; x_wconf 88' lang='lat' dir='ltr'>deratis</span> <span class='ocrx_word' id='word_1_339' title='bbox 404 4429 554 4512; x_wconf 82' lang='lat' dir='ltr'>expensis</span> <span class='ocrx_word' id='word_1_340' title='bbox 570 4449 607 4492; x_wconf 91' lang='lat' dir='ltr'>ac</span> <span class='ocrx_word' id='word_1_341' title='bbox 622 4427 730 4492; x_wconf 89' lang='lat' dir='ltr'>debita</span> <span class='ocrx_word' id='word_1_342' title='bbox 751 4426 986 4492; x_wconf 87' lang='lat' dir='ltr'>restauratione</span> <span class='ocrx_word' id='word_1_343' title='bbox 1010 4426 1233 4510; x_wconf 89' lang='lat' dir='ltr'>dampnorum,</span> <span class='ocrx_word' id='word_1_344' title='bbox 1256 4425 1360 4490; x_wconf 89' lang='lat' dir='ltr'>usuris</span> <span class='ocrx_word' id='word_1_345' title='bbox 1383 4423 1515 4488; x_wconf 90' lang='lat' dir='ltr'>omnino</span> 
     </span>
     <span class='ocr_line' id='line_1_42' title="bbox 264 4515 1514 4598; baseline -0.008 -14"><span class='ocrx_word' id='word_1_346' title='bbox 264 4517 462 4584; x_wconf 87' lang='lat' dir='ltr'>cessantibus</span> <span class='ocrx_word' id='word_1_347' title='bbox 486 4516 626 4582; x_wconf 88' lang='lat' dir='ltr'>debitam</span> <span class='ocrx_word' id='word_1_348' title='bbox 650 4517 696 4581; x_wconf 89' lang='lat' dir='ltr'>eis</span> <span class='ocrx_word' id='word_1_349' title='bbox 720 4516 973 4582; x_wconf 87' lang='lat' dir='ltr'>satisfactionem</span> <span class='ocrx_word' id='word_1_350' title='bbox 995 4517 1082 4580; x_wconf 88' lang='lat' dir='ltr'>infra</span> <span class='ocrx_word' id='word_1_351' title='bbox 1110 4519 1176 4579; x_wconf 89' lang='lat' dir='ltr'>tres</span> <span class='ocrx_word' id='word_1_352' title='bbox 1200 4535 1326 4579; x_wconf 88' lang='lat' dir='ltr'>menses</span> <span class='ocrx_word' id='word_1_353' title='bbox 1351 4515 1424 4598; x_wconf 89' lang='lat' dir='ltr'>post</span> <span class='ocrx_word' id='word_1_354' title='bbox 1446 4533 1514 4575; x_wconf 91' lang='lat' dir='ltr'>mo-</span> 
     </span>
    </p>
   </div>
   <div class='ocr_carea' id='block_1_7' title="bbox 0 0 1736 5280">
    <p class='ocr_par' dir='ltr' id='par_1_8' title="bbox 0 0 1736 5280">
     <span class='ocr_line' id='line_1_43' title="bbox 0 0 1736 5280; baseline 0 3"><span class='ocrx_word' id='word_1_355' title='bbox 0 0 1736 5280; x_wconf 95' lang='lat' dir='ltr'> </span> 
     </span>
    </p>
   </div>
  </div>
 </body>
</html>
