3464 5280
615 586 811 637 Nlcollus
829 589 882 635 111.
903 589 979 637 1200.
1387 589 1428 647 83

88 706 93 714 ’
170 747 278 844 uu

330 871 472 943 Siffridus,
488 891 574 947 aquo
589 873 685 931 multe
699 874 801 934 audiet
815 875 893 932 circu
907 893 982 950 pepe
997 874 1168 933 volutatem.
1181 906 1226 918 -
1236 873 1338 944 „Esset
1352 873 1430 932 sieut

329 961 435 1020 nosti‘.
457 961 549 1022 XVII.
563 959 622 1020 kul.
637 962 721 1021 Febr.
740 964 758 1021 3
775 980 804 1038 p.
822 961 861 1021 87
879 964 931 1047 02.
947 961 982 1023 ci.
997 963 1029 1022 P.
1048 962 1175 1034 21,672.
1359 958 1425 1022 998

167 1061 319 1149 (00016.)
343 1064 487 1148 (Rome.)
510 1067 615 1127 Latino
630 1067 756 1127 Ostiensi
778 1071 809 1127 et
824 1069 999 1131 velletrensi
1022 1069 1156 1145 episcopo
1179 1071 1271 1145 apost
1294 1068 1370 1128 sedis
1384 1069 1429 1128 10-

330 1158 407 1234 gato.
431 1158 471 1216 Ut
485 1175 625 1233 suspenso
639 1155 677 1215 cd
691 1160 809 1233 tempus
824 1159 944 1236 negotio
967 1158 1046 1234 pecie
1060 1158 1316 1230 Florentinorum,
1340 1176 1429 1234 quem

328 1245 482 1318 nectebat,
497 1246 655 1306 transferat
675 1265 706 1306 ss
726 1247 888 1306 Bononiam
909 1266 964 1324 pro
985 1247 1137 1308 tractanda
1159 1266 1229 1324 poce
1243 1247 1428 1308 Bononiensi

330 1369 375 1418 7—
389 1336 498 1411 Incipit
513 1338 550 1395 ut
566 1353 663 1411 supra.
686 1337 707 1395 4
722 1354 752 1412 p.
770 1337 810 1395 88
826 1337 878 1420 02.
1362 1341 1428 1398 999

183 1441 213 1515 (,,
241 1440 304 1520 16.)
373 1441 416 1519 (,,)
505 1443 665 1502 Instructio
687 1442 796 1501 tradite
811 1443 942 1518 Siffrido,
968 1443 1022 1519 qui
1042 1442 1175 1504 mittitur
1196 1463 1250 1520 pro
1266 1443 1344 1504 dicte
1357 1462 1429 1520 pace

187 1527 191 1532 ’
328 1531 512 1591 Bononiensi
528 1563 573 1574 -
588 1533 644 1606 „ln
657 1533 775 1591 nomine
790 1533 910 1592 domini.
934 1533 1056 1594 Amen.“
1082 1534 1099 1592 5
1115 1553 1144 1610 p.
1161 1533 1201 1593 88
1218 1533 1270 1618 02.
1340 1538 1428 1596 1000

191 1682 209 1713 ,,
258 1638 348 1787 18.1
398 1639 1428 1814 2861220.21,672;100.00001001010100001010000110110000

365 1747 394 1804 p.
514 1775 521 1790 .
1338 1735 1424 1792 1001
1510 1789 1513 1794 .

190 1879 208 1908 „
256 1835 307 1897 23.
397 1879 413 1908 ,,
502 1836 594 1896 Paulo
616 1835 749 1913 episcopo
771 1836 959 1912 liipolitcno.
993 1836 1033 1898 Ut
1054 1856 1155 1915 pacem
1177 1837 1327 1914 Rudolphi
1348 1838 1427 1916 regis

328 1925 525 1986 Romanorum
541 1945 609 1985 cum
624 1927 724 1985 Cereio
739 1945 809 2004 rege
824 1927 921 1987 Sicilie
943 1927 980 1986 ad
1000 1928 1089 1988 linem
1103 1927 1319 2004 perducendam
1333 1931 1426 1988 curet.

254 2017 259 2027 ’
329 2015 438 2091 Incipit
452 2017 489 2075 ut
503 2034 593 2091 supru
608 2014 652 2089 (P.
671 2014 811 2093 21,673).
829 2017 847 2074 8
863 2036 893 2092 p.
909 2018 951 2076 90
967 2017 1019 2101 02.
1339 2022 1426 2079 1002

191 2164 208 2196 „
257 2122 307 2184 23.
396 2165 414 2195 ,,
504 2122 604 2182 Garolo
613 2121 678 2199 regi
687 2122 791 2183 Sicilie.
814 2123 857 2182 00
872 2123 973 2183 ecdem
987 2143 1065 2200 pace,
1081 2143 1134 2201 pro
1150 2143 1210 2200 qua
1224 2123 1289 2203 ejus
1304 2125 1427 2184 nuntios

329 2211 448 2288 aceepit.
471 2212 511 2271 Ut
526 2229 622 2288 supro.
647 2213 666 2270 9
683 2230 712 2288 p.
729 2212 770 2271 91
787 2212 1426 2296 021003

189 2362 207 2392 „
255 2320 306 2380 23.
397 2361 413 2390 „
504 2318 604 2379 (loreto
626 2317 825 2396 primogenito
848 2321 941 2380 Caroli
963 2321 1104 2397 principis
1120 2320 1294 2380 Salernitcni
1315 2320 1426 2397 primo-

329 2408 424 2487 geniti
439 2408 532 2468 Caroli
546 2410 626 2485 regis
641 2408 739 2468 Sicilie
754 2412 785 2468 et
801 2410 959 2470 Clementis
977 2413 1046 2470 nate
1065 2410 1213 2486 Rudolphi
1227 2411 1305 2488 regis
1321 2411 1425 2469 Romu·

328 2518 443 2559 norum.
465 2498 687 2570 Hortatorem,
703 2502 739 2558 ut
753 2517 807 2575 pro
822 2519 892 2576 pecs
907 2502 986 2559 inter
1001 2499 1190 2576 Rodulphum
1205 2519 1307 2578 regem
1319 2500 1426 2560 Romu-

328 2607 435 2648 norum
449 2589 480 2648 et
490 2588 626 2647 carolum
642 2589 738 2647 Sicilie
753 2607 854 2667 regem
869 2589 1092 2650 matrimonium
1107 2592 1233 2650 invicem
1248 2590 1425 2651 contrahent

330 2682 360 2739 ct
374 2677 523 2753 dispensat
537 2696 626 2754 snper
640 2679 824 2754 sponsalibus
839 2679 911 2738 alias
921 2680 1077 2739 contructis
1087 2679 1166 2740 inter
1174 2680 1283 2740 dictem
1293 2681 1425 2741 Clemen-

328 2769 401 2828 mm
420 2770 452 2826 et
466 2767 622 2839 Andrean,
645 2786 820 2845 germanum
841 2769 920 2846 regis
942 2769 1079 2847 Ungurie.
1094 2803 1138 2812 -
1153 2770 1424 2841 „I⁴¹erventissimo“.

328 2857 361 2917 X.
377 2857 434 2916 kal
449 2855 532 2916 Febr.
552 2856 591 2915 10
608 2877 638 2932 p.
654 2856 694 2916 91
711 2857 814 2941 0201.
830 2858 920 2916 etiem
934 2858 966 2917 P.
984 2857 1112 2930 21,726.
1338 2863 1425 2922 1004

189 3009 207 3039 ‚,
256 2967 306 3026 26.
395 3007 413 3036 „
502 2963 606 3025 Ietino
620 2964 747 3024 Ostiensi
762 2966 793 3024 et
808 2965 982 3025 velletrensi
1001 2966 1145 3043 episcopo.
1170 2967 1210 3025 Ut
1224 2965 1344 3026 festinet
1359 2985 1425 3026 000-

329 3073 446 3116 currerc
467 3053 707 3115 Bononiensibus.
725 3089 768 3097 —
784 3097 801 3128 „
811 3055 885 3114 Casu
905 3054 1083 3115 Bononiensi
1091 3062 1116 3115 “.
1140 3055 1204 3117 VH.
1226 3055 1283 3116 kal.
1304 3056 1388 3117 Febr.
1406 3057 1424 3114 6

350 3146 416 3205 ,89
477 3191 484 3205 .
1339 3149 1424 3208 1005

190 3295 208 3326 ,,
255 3254 305 3315 31.
328 3145 561 3330 Ι000(οΒιορωὶ
583 3271 604 3312 0
627 3207 793 3311 Petrum.
815 3252 925 3311 Abbati
948 3271 969 3311 0.
986 3252 1142 3315 Selvetoris
1156 3253 1293 3314 Aletrini.
1316 3254 1356 3313 Ut
1379 3255 1426 3313 10-

329 3435 487 3494 eniminum
502 3431 684 3490 diffamatum
699 3433 730 3490 ct
745 3449 814 3490 cum
822 3431 943 3490 Romam
958 3430 1092 3492 01101-
1109 3431 1169 3502 „Ex
1184 3435 1296 3509 pcrte“.
1311 3433 1351 3492 H.
1366 3432 1424 3493 kal.

328 3521 412 3580 Febr.
429 3521 447 3580 3
463 3539 491 3596 p.
511 3520 572 3579 229
590 3518 644 3604 Al·
1337 3525 1423 3582 1006

163 3627 305 3688 Februo.
395 3670 412 3700 ‚,
501 3626 643 3704 Magistro
658 3629 690 3686 et
704 3626 862 3686 conventui
877 3625 983 3685 domus
998 3626 1105 3686 militie
1114 3627 1227 3702 Templi
1236 3627 1426 3706 Jerosolymi·

328 3716 399 3776 teni.
415 3716 499 3786 Quod
512 3716 603 3775 frater
612 3715 754 3787 deBroet,
770 3715 807 3774 ab
822 3715 894 3791 ipsis
909 3715 946 3774 ud
961 3735 1066 3791 popam
1082 3718 1271 3777 transmissus
1286 3716 1324 3775 ed
1339 3736 1427 3794 expo·

328 3807 460 3866 nendum
475 3807 588 3865 statum
602 3808 681 3864 terre
695 3807 802 3876 sancte,
818 3805 855 3863 ub
870 3806 934 3879 ipso
949 3824 1025 3880 popa
1039 3804 1076 3864 sd
1091 3824 1192 3883 regem
1202 3807 1326 3867 00010110
1336 3807 1427 3867 desti·

329 3899 427 3956 netur.
446 3929 485 3940 -
502 3894 654 3968 „Dilectus
669 3893 781 3954 filius“.
804 3893 1011 3956 01011101.
1037 3895 1055 3954 3
1071 3914 1099 3971 p.
1118 3894 1251 3980 273112.
1340 3902 1425 3959 1007

162 4003 251 4064 Mart.
278 4002 305 4062 7.
330 4003 448 4063 Rome.
471 4001 631 4080 Margarite
646 4001 944 4078 reginslrnneorum.
968 4002 1008 4063 Ut
1023 4002 1205 4062 concordiem
1219 4005 1294 4062 inire
1308 4003 1427 4063 studeat

328 4112 396 4154 oum
412 4091 512 4151 Corolo
527 4109 598 4168 rege
613 4090 718 4161 Sicilie,
735 4093 881 4167 quantum
897 4089 934 4149 ad
955 4092 1130 4151 comitatum
1144 4091 1296 4152 Provincie
1310 4110 1344 4150 00
1357 4091 1425 4151 001-

327 4182 464 4242 kclkerie.
481 4213 525 4224 -
540 4180 659 4252 „Electa
673 4179 804 4240 domus“.
826 4197 893 4238 non.
909 4179 995 4240 Mart.
1012 4181 1052 4239 35
1069 4199 1101 4255 p.
1121 4179 1182 4238 112
1198 4180 1251 4262 02.
1340 4186 1426 4243 1008

188 4331 206 4360 ,,
277 4287 305 4347 7.
396 4319 440 4361 ,μ
503 4289 580 4347 100.
595 4307 634 4346 m.
649 4287 714 4363 regi
729 4286 833 4346 Sicilie.
859 4285 900 4345 36
917 4286 1027 4361 p.112
1044 4287 1094 4371 02
1335 4292 1424 4349 1009

190 4437 207 4467 ,,
278 4393 306 4454 7.
397 4437 413 4465 ,,
504 4394 641 4470 Philippo
650 4394 715 4470 regi
724 4393 911 4454 Francorum
928 4396 967 4454 Ut
977 4394 1084 4454 dictem
1093 4412 1194 4470 pacem
1205 4392 1426 4471 interreginsm

327 4483 446 4544 1100010
462 4485 493 4542 et
507 4502 609 4562 regem
624 4482 721 4542 Sicilie
736 4486 828 4543 curet.
853 4485 892 4542 Ut
909 4502 1006 4560 supra.
1031 4483 1070 4542 37
1089 4503 1118 4559 p.
1138 4482 1199 4542 113
1216 4484 1268 4568 02.
1339 4487 1425 4544 1010

163 4589 238 4667 Apr.
279 4589 307 4654 1.
398 4634 414 4662 „
503 4591 607 4650 latino
617 4588 744 4648 Ostiensi
752 4592 783 4677 et
791 4590 967 4651 Velletrensi
975 4590 1110 4665 episcopo
1119 4593 1211 4666 cpoet.
1227 4591 1303 4650 sedis
1318 4591 1424 4667 legato.

1230 4694 1264 4747 2.
