3438 5276
1321 561 1381 626 161

129 720 290 814 dignitate
311 726 500 813 fungantur,
524 719 580 792 sed
604 749 658 791 eas
682 721 727 792 sic
748 721 882 792 firmiter
906 726 939 790 et
961 719 1190 791 inviolabiliter
1212 721 1383 803 observari,

130 816 216 901 quod
239 816 426 882 absolvendi
441 817 481 882 ab
498 818 544 882 eis
569 817 620 881 vel
643 815 810 881 relaxandi
833 816 969 893 easdem,
991 815 1055 880 nisi
1077 816 1188 880 forsan
1211 815 1247 878 in
1269 815 1381 880 mortis

130 905 272 983 articulo,
302 909 339 970 ut
369 905 488 970 dictum
518 908 582 984 est,
612 909 680 970 tam
703 905 851 971 omnibus
874 905 993 970 nostris
1016 903 1263 989 penitentiariis,
1287 926 1385 988 quam

130 994 202 1058 aliis
226 995 422 1078 quibuslibet
444 995 679 1060 confessoribus
702 996 768 1060 sive
792 995 998 1080 generalibus
1023 995 1089 1060 sive
1113 993 1302 1079 specialibus
1327 1015 1384 1058 seu

129 1082 341 1148 familiaribus
378 1105 648 1168 quarumcumque
681 1086 731 1149 111
764 1085 1058 1168 quantumcumque
1091 1083 1276 1147 sublimium
1308 1105 1384 1167 per-

129 1195 290 1252 sonarum,
314 1173 448 1239 ubilibet
470 1174 723 1251 consistentium,
747 1171 916 1237 adimimus
946 1174 1156 1257 potestatem,
1188 1173 1286 1236 etiam
1316 1172 1386 1235 sia

129 1261 223 1326 nobis
246 1263 297 1328 111
322 1263 362 1327 ab
386 1263 492 1347 aliquo
515 1263 776 1348 predecessorum
798 1264 981 1326 nostrorum
1004 1261 1062 1326 sub
1088 1283 1287 1345 quacumque
1312 1283 1384 1325 111-

128 1350 243 1414 borum
266 1351 369 1415 forma
392 1353 579 1437 generalem
602 1352 653 1417 vel
677 1351 848 1436 specialem
872 1353 928 1414 aut
950 1352 1084 1416 liberam
1116 1349 1303 1416 absolvendi
1326 1349 1385 1414 ali-

130 1461 227 1523 quem
249 1440 301 1504 111
325 1441 448 1525 aliquos
472 1465 491 1505 a
514 1436 684 1506 sententiis
707 1440 847 1504 hominis
870 1440 922 1505 111
945 1441 1092 1518 canonis,
1123 1461 1180 1505 seu
1203 1441 1282 1504 alias
1306 1460 1385 1523 quo-

128 1527 305 1593 modolibet
313 1530 479 1595 relaxandi
497 1531 697 1595 obtinuerint
712 1531 906 1594 facultatem.
929 1527 962 1593 Si
977 1530 1047 1614 quis
1064 1531 1172 1594 autem
1188 1530 1257 1594 sine
1273 1530 1384 1592 nostro

132 1617 265 1703 speciali
286 1619 441 1684 mandato
465 1643 484 1684 1
506 1620 599 1685 nobis
622 1619 797 1683 obtinendo
820 1618 971 1703 deinceps
989 1619 1184 1682 contrarium
1205 1620 1289 1682 forte
1313 1638 1387 1702 pre-

131 1707 271 1791 sumpsit
301 1711 370 1772 tam
402 1709 621 1773 absolventem
655 1732 674 1772 a
705 1707 856 1792 predictis
888 1709 1068 1786 sententiis,
1093 1730 1150 1773 seu
1186 1709 1386 1772 relaxantem

131 1795 269 1876 easdem,
294 1819 391 1880 quam
413 1797 597 1882 hujusmodi
616 1797 849 1862 absolutionem
865 1796 916 1863 vel
930 1797 1162 1862 relaxationem
1177 1796 1387 1881 recipientem

130 1885 167 1948 in
192 1907 389 1970 quacumque
413 1886 582 1970 dignitate,
598 1886 842 1971 preeminentia,
858 1888 945 1950 statu
960 1887 1012 1950 111
1034 1887 1144 1950 ordine
1168 1887 1289 1951 fuerint
1311 1906 1386 1948 con-

132 1975 246 2051 stituti,
271 1997 309 2038 ex
332 1975 392 2040 hae
414 1997 509 2040 causa
532 1975 867 2042 excommunicationis
883 1975 1009 2039 vinculo
1025 1975 1226 2040 innodamus.
1250 1975 1387 2039 Relaxa-

131 2065 257 2127 tionem
288 2065 386 2128 etiam
415 2065 509 2149 hujus
540 2066 701 2131 sententie
731 2064 823 2129 nobis
856 2065 1004 2128 similiter
1033 2066 1254 2142 reservantes,
1275 2063 1386 2128 mortis

131 2153 264 2217 articulo
288 2153 455 2219 dumtaxat
477 2157 618 2240 excepto,
635 2156 667 2218 et
688 2157 774 2231 tunc,
790 2152 854 2217 nisi
877 2154 1016 2218 sanitate
1040 2156 1179 2238 recepta,
1202 2153 1288 2217 infra
1303 2155 1387 2216 tem-

130 2264 193 2326 pus
223 2245 408 2327 competens
434 2245 528 2327 juxta
556 2245 696 2308 locorum
725 2242 921 2320 distantiam,
946 2242 986 2307 ad
1015 2245 1161 2308 nostram
1189 2240 1388 2327 presentiam

132 2332 291 2410 venerint,
315 2355 408 2396 suum
430 2332 595 2397 humiliter
617 2332 813 2417 recognituri
835 2335 961 2396 reatum
985 2335 1017 2396 et
1040 2332 1158 2396 nostris
1176 2329 1388 2415 beneplacitis

132 2420 278 2504 parituri,
301 2421 490 2486 relabantur
512 2422 548 2486 in
571 2422 699 2486 easdem
722 2422 903 2486 sententias
933 2422 1004 2506 ipso
1034 2422 1127 2486 facto.
1153 2421 1210 2486 Ab.
1225 2420 1288 2484 hiis
1311 2441 1387 2484 1111

131 2509 283 2573 mulieres
305 2511 340 2572 in
363 2510 423 2574 hoc
445 2512 575 2575 tantum
597 2511 701 2595 excipi
716 2510 870 2588 volumus,
894 2513 930 2574 ut
953 2511 982 2575 si
1003 2510 1107 2574 solum
1129 2511 1288 2574 rationem
1312 2530 1386 2593 pre-

47 2641 49 2649 1
132 2598 203 2661 stiti
224 2599 344 2668 favoris
367 2599 402 2663 in
425 2599 609 2683 hujusmodi
631 2600 810 2664 sententias
833 2600 943 2664 forsan
967 2598 1154 2677 inciderint,
1178 2599 1305 2683 possint
1329 2618 1388 2682 per

132 2708 207 2752 suos
230 2685 415 2752 diocesanos
434 2689 529 2771 juxta
551 2690 688 2753 formam
718 2688 847 2753 ecclesie
878 2689 1087 2752 absolutionis
1116 2689 1306 2752 beneficium
1330 2687 1386 2750 ob-

131 2777 246 2840 tinere.
269 2777 358 2841 Licet
387 2779 495 2841 autem
525 2778 697 2862 premissos
720 2799 894 2861 processus,
921 2777 1092 2862 frequenti,
1115 2777 1244 2861 publica
1268 2775 1386 2840 11101-

130 2866 257 2950 lempni
286 2867 531 2931 denuntiatione
562 2868 720 2952 vulgatos,
744 2866 784 2930 ad
815 2889 1017 2931 communem
1048 2867 1192 2931 omnium
1224 2865 1389 2930 credamus

131 2955 282 3019 notitiam
306 2955 482 3035 devenisse,
505 2979 547 3020 ne
569 2958 681 3020 tamen
704 2955 819 3040 aliquis
850 2957 953 3041 possit
981 2955 1203 3041 ignorantiam
1229 2955 1388 3019 malitiose

131 3066 273 3122 causare,
303 3045 449 3109 volumus
481 3047 514 3108 et
542 3045 739 3109 fraternitati
766 3048 871 3109 111111
895 3045 1095 3129 presentium
1118 3046 1315 3122 auctoritate,
1340 3043 1388 3107 di-

131 3129 241 3198 stricte
265 3133 479 3218 precipiend0,
495 3134 695 3212 mandamus,
718 3136 877 3218 quatenus
901 3134 1023 3219 singuli
1045 3135 1187 3198 vestrum
1209 3134 1245 3198 in
1273 3133 1387 3198 restris

132 3223 334 3287 sermonibus
357 3244 541 3307 processum
563 3223 748 3307 hujusmodi
770 3224 980 3306 publicantes,
1006 3224 1143 3288 eundem
1168 3221 1390 3287 Conradinum

133 3334 169 3376 ac
191 3313 334 3376 fautores
357 3311 466 3397 ipsius,
490 3312 602 3377 diebus
625 3311 791 3376 dominicis
816 3315 849 3376 11
871 3314 995 3379 festivis
1018 3312 1155 3396 pulsatis
1174 3311 1338 3396 campanis
1356 3313 1389 3374 11

132 3401 275 3465 candelis
300 3402 447 3481 accensis,
472 3402 775 3466 excommunicatum
805 3401 930 3486 publice
959 3402 1116 3466 nuntietis
1147 3403 1179 3464 11
1201 3398 1327 3464 faciatis
1350 3399 1389 3463 ab

133 3490 204 3554 aliis
227 3513 287 3574 per
310 3512 421 3557 omnes
445 3491 591 3556 ecclesias
614 3493 793 3556 vestrarum
808 3491 976 3555 civitatum
993 3493 1026 3554 et
1041 3489 1214 3554 diocesium
1236 3489 1390 3554 nuntiari.

134 3578 184 3644 Ad
208 3581 365 3663 majorem
388 3581 465 3644 facti
489 3580 685 3645 evidentiam
707 3580 743 3643 in
767 3580 905 3644 ecclesiis
927 3580 1016 3665 ipsis,
1040 3580 1139 3644 etiam
1161 3579 1299 3664 singulis
1322 3600 1390 3642 non

133 3669 260 3733 feriatis
276 3668 395 3748 diebus,
420 3691 515 3734 mane
535 3692 571 3734 ac
594 3669 797 3754 scropulsari
820 3691 995 3753 campanas
1018 3671 1152 3754 propter
1174 3669 1234 3733 hoc
1256 3668 1392 3732 nichilo-

135 3758 244 3822 minus
268 3757 432 3825 facientes.
456 3759 576 3824 Datum
599 3758 745 3837 Viterbii,
768 3758 856 3826 VIII.
879 3757 921 3824 id.
945 3757 1085 3844 Augusti
1106 3780 1193 3824 anno
1217 3761 1340 3843 quarto

741 3902 792 3965 22.

226 4048 396 4112 Martinus
417 4047 481 4113 IV.
505 4048 701 4112 commendat
722 4045 893 4129 Roduipbo
919 4047 1235 4129 capillamentorum
1258 4045 1395 4108 11110111ἡ
1499 4087 1501 4094 ,

136 4157 258 4232 sicum,
286 4157 429 4239 priorem
452 4154 573 4218 ecclesie
595 4177 620 4218 s.
642 4154 771 4218 Audrcc
799 4150 997 4229 Urbccctauc,
1021 4171 1112 4232 quem
1131 4174 1192 4235 pro
1214 4151 1397 4235 colligendis

138 4263 267 4325 1111111111
290 4264 487 4325 transmittit.
511 4261 550 4343 cs.
567 4261 628 4325 Nr.
646 4264 743 4329 1122.
776 4257 901 4340 Apud
924 4259 1070 4323 Urbem
1083 4265 1273 4341 veterem,
1290 4259 1397 4325 1283

140 4370 240 4436 Jacc.
265 4367 330 4434 13.

229 4471 398 4538 Carissimo
424 4473 460 4538 in
486 4471 612 4538 Christo
641 4471 708 4537 filio
731 4523 738 4536 .
762 4521 770 4536 .
794 4521 801 4536 .
823 4471 895 4557 regi
924 4471 1141 4536 Romanorum
1169 4471 1294 4536 illustri.
1319 4469 1395 4535 Ore-

144 4561 255 4628 dentes
277 4562 420 4640 firmiter,
445 4562 529 4647 quod
551 4561 638 4628 inter
660 4563 781 4626 1111101
805 4560 918 4625 mundi
940 4560 1119 4645 principes,
1147 4561 1300 4625 catholice
1322 4559 1398 4625 fidei

247 4675 330 4736 Posse,
349 4674 470 4723 11111011
1193 4667 1225 4718 11
