3464 5280
1338 547 1398 622 au

144 718 244 782 immo
260 699 361 784 multo
376 716 507 796 facilius,
525 739 628 804 regno
644 717 665 784 J
666 717 903 783 erosolimitano
917 717 1050 802 aliisque
1066 716 1286 803 dignitatibus,
1307 717 1402 783 bonis

145 809 180 871 et
198 806 329 890 juribus
353 807 381 871 si
396 829 458 890 qua
480 806 588 872 forsan
611 805 752 884 haberet,
776 807 885 892 procul
901 806 996 871 dubio
1010 805 1132 871 nudare
1146 809 1254 890 posset
1284 807 1317 871 et
1338 828 1401 870 nu-

145 895 238 960 daret
256 895 383 979 jutitia
406 895 565 981 exigente,
589 896 652 961 nisi
674 896 806 961 meliore
829 896 889 962 sibi
910 895 1094 981 provideret
1116 895 1247 962 consilio
1267 897 1301 959 et
1318 894 1402 961 sedis

144 985 315 1071 apostolice
337 1007 371 1050 se
393 984 602 1070 beneplacitis
624 987 795 1070 coaptaret.
818 983 1166 1068 Prohibuimuszetiam
1189 983 1345 1050 universis
1368 984 1402 1048 et

144 1073 282 1159 singulis
306 1071 423 1142 Christi
448 1073 609 1151 fidelibus,
633 1097 674 1139 ne
704 1074 846 1159 predicto
877 1071 1058 1139 Conradino
1087 1074 1169 1138 siout
1196 1073 1269 1159 regi
1297 1070 1402 1138 Sicilie

10 1239 12 1245 .
144 1163 330 1242 scriberent,
353 1184 413 1227 nec
435 1163 566 1248 abipso
589 1164 722 1242 litteras,
745 1164 835 1228 velut
857 1183 876 1226 a
897 1184 976 1248 rege
999 1165 1055 1227 aut
1084 1162 1142 1227 sub
1164 1161 1327 1248 premissis
1348 1161 1402 1226 in·

144 1251 336 1330 tibilatione,
360 1251 622 1318 denominatione
644 1253 696 1318 vel
718 1251 926 1337 impressione
950 1251 1137 1337 reciperent,
1161 1272 1243 1315 neve
1266 1251 1301 1315 in
1325 1269 1399 1315 eum

144 1343 182 1406 ut
196 1341 232 1405 in
248 1338 353 1405 Sicilie
367 1361 480 1426 regem
495 1341 712 1420 intenderent
735 1363 795 1406 nec
809 1363 881 1406 oum
904 1341 1000 1406 armis
1022 1341 1075 1406 vel
1096 1340 1166 1404 sine
1189 1338 1294 1417 armis,
1317 1340 1402 1404 facto

144 1429 197 1494 vel
219 1429 331 1508 verbo,
363 1433 420 1498 aut
448 1429 525 1495 alias
555 1430 792 1514 quomodolibet
814 1430 855 1495 ad
884 1429 1076 1495 turbandam
1106 1428 1235 1494 ecclesie
1257 1428 1402 1494 Romane

142 1540 255 1605 pacem
283 1519 336 1583 vel
364 1521 476 1586 contra
504 1519 681 1604 predictum
710 1541 822 1606 regem
844 1517 948 1584 Sicilie
976 1520 1158 1605 prestarent
1188 1517 1219 1582 ei
1240 1517 1401 1596 auxilium,

144 1607 312 1675 consilium
335 1608 388 1673 vel
415 1607 567 1674 favorem.
596 1606 781 1694 Specialiter
810 1612 918 1674 autem
947 1607 1196 1686 marchionibus,
1227 1605 1402 1684 comitibus,

144 1697 325 1776 baronibus,
348 1697 541 1776 civitatibus,
565 1697 845 1764 communitatibus
876 1699 909 1762 et
935 1695 1197 1761 universitatibus
1219 1697 1412 1774 castrorum,

142 1786 293 1851 villarum
316 1789 350 1852 et
372 1809 641 1872 quorumcumque
664 1789 804 1854 locorum
826 1787 919 1852 Italie
941 1784 1162 1872 prohibuimus
1181 1803 1336 1869 expresse,
1357 1805 1401 1849 ne

143 1874 243 1961 ipsius
266 1873 439 1940 Conradini
462 1875 604 1941 dominio
625 1877 678 1942 rel
699 1877 852 1962 regimini
875 1898 908 1941 se
931 1877 1151 1961 supponerent
1175 1876 1232 1939 aut
1254 1890 1328 1938 eum
1350 1872 1403 1938 rel

143 1985 202 2048 pro
226 1985 263 2030 eo
286 1979 342 2030 seu
363 1965 400 2029 in
422 1965 564 2050 favorem
586 1966 692 2052 ipsius,
716 1965 813 2030 alium
834 1966 870 2030 in
892 1965 1086 2051 potestatem
1109 1963 1329 2042 admitterent,
1351 1961 1404 2027 v'el

142 2055 307 2132 rectorem,
338 2074 534 2140 quocumque
565 2055 696 2120 nomine
725 2056 899 2132 censeatur,
931 2053 983 2119 vel
1013 2055 1043 2118 ei
1072 2052 1139 2119 slve
1165 2052 1221 2117 alii
1242 2062 1301 2136 pro
1322 2051 1401 2136 ipso,

143 2145 201 2207 aut
222 2142 258 2207 in
280 2144 423 2208 favorem
438 2143 545 2229 ipsiiu,
560 2143 747 2222 dominium,
763 2147 820 2209 aut
833 2165 924 2230 posse
946 2141 1074 2226 aliquod
1094 2143 1130 2206 in
1154 2163 1196 2219 aa,
1220 2142 1322 2206 terras
1344 2142 1402 2205 aut

142 2243 215 2297 suos
245 2231 404 2298 districtus
440 2253 637 2319 quocumque
666 2233 801 2319 ingenio
831 2234 887 2298 aut
922 2230 1159 2296 machinatione
1182 2228 1402 2307 concederent,

143 2341 206 2386 nec
227 2321 419 2399 societatem,
443 2323 698 2407 conjurationem
720 2344 778 2387 seu
799 2321 890 2386 fedus
914 2320 1043 2408 aliquod
1072 2320 1403 2405 inire'presumerent

13 2423 16 2434 '
142 2429 215 2476 cum
238 2409 350 2475 eodem
380 2413 437 2476 aut
458 2410 521 2475 alio
543 2411 578 2476 in
602 2411 755 2476 auxilium
778 2411 829 2475 vel
851 2411 994 2475 favorem
1016 2409 1123 2495 ipsius.
1146 2409 1221 2474 illos
1239 2422 1324 2487 vero,
1348 2405 1413 2492 qui

142 2502 255 2564 contra
276 2499 428 2584 premissa
449 2500 503 2564 vel
524 2500 653 2585 aliquod
673 2500 908 2587 premissorum,
924 2521 982 2584 per
996 2521 1030 2564 se
1045 2499 1098 2564 vel
1112 2519 1170 2584 per
1192 2497 1298 2576 alium,
1321 2515 1402 2582 quo·

143 2608 278 2673 cumque
308 2588 396 2667 dolo,
427 2589 496 2653 arte
526 2590 579 2654 vel
607 2589 844 2655 machinatione
866 2589 1024 2667 facerent,
1048 2589 1271 2673 cujuscumque
1293 2585 1403 2650 forent

147 2677 398 2763 praeminentis,
429 2677 602 2763 dignitatis
624 2681 680 2744 aut
702 2681 810 2756 status,
841 2676 1176 2744 excommunicationis
1199 2673 1403 2751 sententiam,

143 2787 241 2852 quam
263 2769 381 2832 extunc
402 2767 438 2831 in
462 2789 515 2833 eos
537 2767 676 2846 tulimus,
699 2768 860 2833 incurrere
883 2766 1040 2832 voluimus
1063 2765 1131 2850 ipso
1154 2765 1248 2830 facto.
1281 2762 1403 2848 Aperte

142 2945 914 3120 smeqnqqqqsofflqoeffimioeqqqgffi
935 2967 1132 3119 privaiemus
1153 3031 1286 3111 honere,
1308 2964 1405 3116 plicat
1434 3077 1439 3094 .

143 3121 237 3188 nobis
259 3121 336 3187 faeti
358 3122 494 3207 qualitas
510 3125 544 3188 et
553 3123 681 3208 justitia
703 3123 858 3192 suaderet.
881 3123 1032 3208 Reliquos
1055 3124 1164 3186 autem
1186 3120 1314 3186 clericos
1336 3140 1408 3185 non
1527 3197 1528 3204 χ
1552 3161 1556 3170 ·

141 3210 333 3297 prelationis
355 3211 503 3290 officium,
524 3211 582 3277 sed
604 3213 712 3278 forsan
736 3212 914 3298 dignitates
935 3212 1125 3297 personatus
1142 3213 1199 3275 aut
1213 3209 1277 3274 alia
1292 3207 1404 3294 queris

144 3298 355 3365 ecclesiastica
375 3299 530 3364 beneficia
552 3301 737 3366 obtinentes
760 3304 795 3366 et
816 3301 959 3367 obtentis
981 3299 1107 3385 privare
1138 3301 1172 3364 et
1194 3298 1233 3364 ad
1256 3297 1320 3363 alia
1341 3297 1401 3362 ob·

142 3388 279 3454 timenda
300 3387 458 3453 inhabiles
479 3388 613 3454 reddere
636 3411 824 3457 curaremus.
846 3389 949 3455 Laicis
971 3410 1046 3454 vero
1064 3389 1288 3473 cujuscumque
1309 3395 1423 3471 pree*
1527 3395 1528 3406 ¹

3 3503 4 3510 ¹
142 3477 310 3557 minantia,
334 3477 503 3563 dignitatis
526 3482 583 3544 aut
604 3482 721 3557 statim,
751 3483 785 3544 et
813 3480 962 3565 precipue
992 3477 1162 3562 temporali
1186 3473 1404 3562 J'misdiotioni

144 3567 288 3653 ejusdem
312 3567 441 3632 ecclesie
457 3566 603 3633 Romane
626 3569 777 3653 subjectis
800 3589 945 3654 expresse
968 3565 1237 3645 denuntiavimus,
1260 3561 1405 3650 quodsi

133 3655 326 3743 ‚hujusmodi
347 3659 491 3722 nostram
512 3657 740 3724 inhibitionem
762 3660 876 3723 contra
898 3679 977 3738 eam,
1006 3678 1064 3742 per
1093 3677 1127 3721 se
1149 3655 1203 3721 vel
1224 3652 1404 3740 paralium

142 3750 266 3814 temere
295 3745 464 3826 veniendo,
494 3749 604 3812 exacta
626 3746 801 3833 diligentia,
825 3769 892 3812 non
921 3748 1104 3825 servarent,
1141 3745 1227 3831 ipsos
1247 3741 1416 3822 omnibus·

142 3833 248 3902 feudis
271 3838 305 3900 et
326 3835 404 3914 aliis,
428 3857 491 3920 que
513 3835 553 3900 ab
577 3836 713 3901 ecclesiis
736 3836 993 3903 ecclesiasticisve
1015 3835 1160 3922 personis
1182 3833 1319 3900 forsitan
1343 3831 1417 3897 obw

143 3924 304 4003 tinerent,
333 3924 460 4008 privare
483 3946 519 3989 ac
540 3925 690 3990 vassallos
720 3947 844 4003 eorum,
873 3926 901 3991 si
931 3945 1010 4011 quos
1038 3924 1210 4003 haberent,
1240 3921 1416 3988 absolvere

143 4033 326 4079 ornaremus
348 4035 368 4078 a
389 4012 552 4080 fidelitatis
579 4016 781 4100 juramento,
800 4027 876 4101 ‘quo
907 4017 1098 4080 tenerentur
1130 4013 1249 4079 eisdem
1272 4013 1306 4076 et
1326 4031 1402 4096 per·

143 4102 231 4168 sonis
253 4102 394 4187 ipsorum
416 4103 497 4168 citra
517 4103 693 4189 periculum
715 4105 827 4170 mortis
857 4108 891 4170 et
918 4103 1133 4170 mutilationis
1162 4100 1328 4187 expositis,
1358 4097 1404 4164 sio

145 4213 376 4278 exponeremus
398 4191 484 4256 bona
506 4193 604 4259 etiam
627 4194 827 4272 eorumdem,s
841 4196 878 4259 u't
892 4193 1074 4258 illaliceret
1088 4191 1220 4257 cuilibet
1241 4207 1402 4275 occupare.

146 4279 301 4346 Civitates
323 4303 458 4366 quoque,
481 4282 726 4348 communitates
749 4287 783 4348 et
804 4283 1030 4348 unitersitates
1053 4280 1304 4367 quaslibettque
1326 4288 1418 4363 pre*

143 4371 246 4437 fatam
267 4369 518 4456 prohibitionem
541 4374 684 4436 nostram
699 4372 818 4438 tiolare
841 4381 1038 4458 quocumque
1062 4369 1142 4449 dolo,
1165 4368 1309 4456 ingenio,
1331 4369 1401 4431 arte

145 4459 198 4524 vel
212 4459 450 4525 machinatione
465 4461 677 4546 temptarent·
685 4461 844 4526 vvoluimus
863 4460 1028 4526 interdicti
1051 4459 1214 4525 sententie
1229 4457 1400 4543 subjacare.

149 4547 291 4636 (iamque
312 4550 458 4638 prefatus
475 4547 673 4615 Conradinus
694 4553 852 4636 precepta
867 4549 1076 4616 inhibitiones
1091 4551 1126 4614 et
1140 4546 1406 4615 comminationes
