3404 5280
588 1747 1026 1853 Pnnrnulo

269 2121 365 2188 Anno
390 2122 474 2188 1876
499 2145 518 2186 a
541 2121 699 2208 gubernio
721 2121 817 2208 regni
838 2119 986 2186 Saxonici
1009 2143 1047 2186 ex
1071 2122 1206 2188 archivis
1222 2123 1350 2204 Italicis,
1367 2146 1429 2210 que

178 2247 219 2313 ad
246 2245 411 2326 ,Codicem
441 2246 680 2332 diplomaticum
702 2244 859 2312 Senoniae
881 2247 1009 2333 regiae“
1035 2247 1252 2332 pertinerent,
1280 2249 1430 2336 colligere

177 2374 274 2458 atquc
297 2393 443 2457 promere
462 2373 586 2456 jussus,
613 2393 675 2457 que
698 2371 825 2453 inveni,
849 2371 993 2437 hiesum
1017 2371 1159 2438 editurus
1182 2373 1216 2437 in
1245 2372 1428 2451 ,analectis

176 2498 372 2576 vaticanis«,
396 2518 455 2582 pro
479 2496 698 2562 additamento
721 2496 840 2562 scilicet
868 2496 1045 2562 studiorum
1078 2519 1200 2577 eorum,
1232 2498 1267 2562 in
1300 2519 1362 2583 que
1394 2498 1430 2562 in

176 2623 264 2690 Urbe
286 2623 343 2688 illa
366 2624 478 2688 eterna
500 2622 638 2688 incubui.
661 2621 728 2688 udo
752 2624 860 2687 autem
884 2644 921 2688 ea
945 2644 984 2687 ex
1009 2622 1154 2707 exemplo
1178 2644 1224 2701 eo,
1248 2622 1332 2707 quod
1348 2625 1429 2687 tunc

178 2747 398 2832 transscripsi,
422 2748 494 2814 aliis
516 2747 718 2833 potissimum
741 2748 836 2813 rebus
858 2749 1020 2828 intentus,
1045 2770 1083 2813 ex
1110 2723 1301 2813 bibliothece
1325 2747 1427 2815 Valli·
1460 2839 1461 2842 Ἴ

178 2873 312 2938 celliano
337 2871 448 2939 Codice
472 2873 571 2938 chart.
594 2873 648 2941 fol.
671 2874 754 2959 sign.
778 2873 802 2939 Ι.
818 2875 870 2953 53,
894 2873 949 2958 qui
972 2874 1108 2957 scriptus
1132 2874 1181 2938 est
1204 2872 1308 2937 seculo
1324 2873 1426 2940 XVII.

179 3020 198 3062 a
227 2997 384 3064 Rainaldo
412 2998 452 3062 ad
486 2997 720 3063 continuandos
750 2998 882 3062 Baronii
922 2996 1086 3075 ,Annales
1109 2996 1367 3078 ecclesiasticos“,
1392 3018 1431 3062 er

179 3122 316 3208 regestis
339 3122 504 3190 Vaticanis
528 3123 568 3187 ab
591 3145 678 3187 anno
704 3123 933 3189 1198-1287.

267 3247 432 3314 Nonnulla
455 3247 675 3333 suppeditavit
698 3247 839 3330 ejusdem
862 3246 1052 3313 bibliothece
1072 3246 1178 3313 Codex
1192 3247 1250 3312 Ms.
1266 3246 1383 3312 Memb.
1399 3247 1430 3311 4.

180 3394 239 3437 sec.
262 3373 346 3441 XIV.
378 3373 422 3438 in.
457 3371 489 3438 0.
518 3372 560 3435 49
587 3371 622 3457 ¹).
678 3372 923 3451 „Analectcrum
955 3373 1200 3441 Vaticanorum¹⁴
1237 3393 1312 3456 pars
1343 3370 1432 3456 prior

36 3493 54 3526 ‘
177 3499 307 3583 regesta
329 3497 475 3562 continet
498 3519 657 3562 annorum
683 3498 901 3564 1254-1287
908 3548 915 3577 ,
946 3498 1060 3582 quibus
1087 3520 1138 3562 res
1163 3519 1322 3582 paparum
1352 3495 1427 3561 Ale-

179 3622 294 3688 xandri
315 3623 378 3702 IV,
402 3622 527 3688 Urbani
549 3623 612 3702 IV,
644 3621 817 3688 Clementis
842 3626 905 3703 lv,
930 3622 1079 3708 Gregorii
1101 3623 1147 3702 Χ,
1176 3622 1359 3688 Innocentii
1384 3623 1430 3703 V,

177 3745 333 3813 Hadriani
356 3750 402 3826 V,
426 3747 586 3813 Johcnnis
608 3748 702 3826 xxl,
725 3747 852 3813 Nicolai
874 3748 941 3827 ΙΠ,
973 3747 1106 3812 Martini
1130 3749 1193 3827 IV,
1217 3747 1352 3812 Honorii
1367 3749 1426 3815 IV.

178 3871 387 3951 illustrentur,
410 3872 575 3956 multaque
596 3894 654 3938 nos
674 3873 774 3952 docet,-
791 3895 860 3957 que,
878 3873 938 3938 etsi
952 3872 1062 3937 brevia
1078 3873 1162 3951 sunt,
1178 3874 1289 3936 tamen
1305 3870 1426 3955 aliquid

179 3997 309 4063 valcant
331 3997 371 4062 ad
394 3997 579 4063 universam
599 3997 784 4082 posterioris
807 3997 904 4063 seculi
923 3997 1011 4064 xm.
1027 3997 1130 4083 partis
1153 3996 1322 4061 historiam
1337 4016 1428 4062 accu-

178 4121 280 4187 ratius
302 4121 555 4206 pernoscendam
579 4125 674 4206 atquc
697 4121 738 4187 ad
760 4121 928 4202 Pctthasti,
953 4121 1112 4207 ,Regcsta
1127 4120 1348 4198 Pontificum“,
1363 4121 1431 4184 tam

179 4247 369 4332 supplenda,
393 4268 490 4331 quam
512 4247 708 4333 corrigenda.
739 4245 881 4328 Quorum
904 4268 967 4331 quo
994 4245 1118 4311 facilius
1148 4245 1208 4324 eis,
1236 4225 1298 4329 qui
1315 4244 1426 4309 eadem

273 4517 291 4587 ¹)
309 4515 349 4570 De
368 4513 459 4568 codice
478 4513 511 4566 cf.
530 4488 634 4578 Dudilr,
653 4513 708 4568 lter
726 4512 889 4577 Romanurn,
911 4519 986 4567 1855.
1006 4512 1025 4565 1.
1047 4519 1088 4567 25.
