3464 5280
1405 550 1466 612 143

214 706 292 791 quid
314 707 349 771 in
373 730 416 786 se,
439 706 610 784 districtus,
634 709 691 771 aut
714 709 817 770 terras
840 730 914 772 suas
938 728 1137 792 quocumque
1160 707 1294 793 ingenio
1317 709 1374 772 aut
1397 730 1467 772 ma-

213 795 398 861 chinatione
421 795 607 873 concedant,
631 817 690 859 nec
713 796 911 875 societatem,
934 797 1189 881 conjurationem
1213 799 1269 861 aut
1291 796 1383 861 fedus
1407 797 1467 861 ali-

213 884 298 969 quod
320 887 435 950 ineant
457 907 528 948 cum
552 884 664 949 eodem
687 887 744 949 aut
767 885 838 963 alic,
861 887 897 950 in
920 886 1074 950 auxilium
1102 887 1153 951 vel
1182 887 1325 951 favorem
1355 887 1464 970 ipsius.

214 974 276 1053 Qui
299 995 374 1039 vero
397 974 509 1038 contra
532 974 689 1058 premissa
711 974 762 1038 vel
787 974 908 1059 aliquid
930 976 1158 1059 premissorum
1188 997 1246 1059 per
1278 998 1311 1040 se
1334 976 1386 1040 vel
1409 996 1467 1059 per

213 1062 312 1126 alium
344 1084 544 1146 quocumque
576 1063 656 1141 dolo,
688 1063 831 1148 ingenio,
865 1066 934 1127 arte
967 1066 1018 1129 vel
1053 1064 1290 1129 machinatione
1323 1065 1466 1144 fecerint,

212 1151 437 1235 cujuscumque
461 1152 527 1215 sint
549 1153 792 1236 preeminentie,
816 1152 986 1238 dignitatis
1006 1157 1062 1218 aut
1084 1155 1188 1218 status
1213 1153 1466 1218 excommunica·

212 1239 311 1304 tionis
334 1240 505 1318 sententia,
530 1262 627 1323 quam
649 1241 685 1304 in
709 1263 762 1304 eos
786 1263 825 1304 ex
848 1264 935 1306 nunc
964 1242 1112 1321 ferimus,
1146 1244 1217 1327 ipso
1240 1242 1325 1306 facto
1348 1263 1382 1306 se
1406 1262 1465 1305 no·

212 1329 320 1393 verint
340 1328 521 1393 innodatos.
569 1329 688 1413 Aperte
712 1351 838 1414 quoque
861 1331 1053 1415 predicimus
1076 1331 1282 1417 patriarchis,
1307 1329 1465 1414 archiepi-

213 1419 326 1502 scopis,
349 1418 514 1502 episcopie,
539 1418 708 1482 abbatibus
732 1421 765 1482 et
788 1420 858 1483 aliis
881 1421 1046 1485 inferioris
1070 1421 1189 1506 gradus
1203 1421 1344 1506 prelatis,
1370 1418 1463 1503 quod,

213 1506 241 1570 si
263 1509 374 1571 contra
397 1507 553 1590 premissa
578 1508 685 1571 venire
709 1510 972 1593 presumpserint,
997 1532 1055 1574 nos
1075 1532 1129 1574 eos
1148 1510 1238 1574 omni
1257 1508 1465 1573 ecclesiastice

214 1595 384 1681 dignitatis
407 1595 527 1660 honore
550 1596 766 1681 privabimus,
790 1600 885 1680 prout
908 1599 1000 1662 nobis
1023 1600 1100 1663 facti
1123 1600 1262 1684 qualitas
1286 1599 1319 1661 et
1337 1597 1466 1681 justitia

212 1684 368 1749 suadebit.
400 1684 551 1770 Reliquos
567 1706 643 1749 vero
659 1686 787 1750 clericos
809 1709 877 1750 non
900 1687 1088 1771 prelationis
1111 1690 1259 1765 officium,
1283 1687 1339 1752 sed
1355 1688 1465 1751 forsan

212 1773 398 1859 dignitates,
421 1775 613 1858 personatus
637 1777 694 1838 aut
711 1775 774 1838 alia
790 1776 902 1859 quevis
918 1777 1128 1841 ecclesiastica
1145 1776 1300 1842 beneficia
1315 1776 1466 1840 obtinen-

212 1865 261 1926 tes
284 1866 317 1928 et
340 1864 480 1928 obtentis
503 1865 631 1948 privare
654 1863 834 1928 curabimus
858 1867 890 1928 et
912 1865 1071 1930 inhabiles
1101 1867 1233 1931 reddere
1258 1865 1298 1929 ad
1321 1866 1385 1929 alia
1408 1864 1465 1928 ob·

212 1951 355 2016 tinenda.
380 1952 483 2017 Laicis
506 1974 582 2017 vero
605 1954 832 2037 cujuscumque
855 1955 1098 2037 preeminentie,
1122 1955 1292 2040 dignitatis
1318 1957 1374 2018 aut
1398 1956 1465 2018 sta-

211 2044 263 2105 tus
295 2044 328 2106 et
358 2043 509 2127 precipue
538 2043 710 2126 temporali
735 2042 951 2126 jurisdictioni
982 2045 1110 2108 ecclesie
1140 2045 1284 2108 Romane
1315 2042 1465 2126 subjectis

211 2129 440 2196 denuntiamus
465 2153 630 2216 expresse,
662 2132 762 2216 quod,
793 2132 820 2196 si
850 2131 1034 2215 hujusmodi
1062 2136 1206 2197 nostram
1229 2132 1465 2210 inhibitionem,

211 2221 323 2284 contra
347 2243 418 2284 eam
441 2221 492 2286 vel
515 2243 573 2304 per
596 2243 630 2284 se
653 2221 705 2286 vel
728 2243 786 2305 per
810 2219 908 2285 alium
930 2223 1051 2285 temere
1074 2223 1249 2300 veniend0,
1283 2243 1350 2285 non
1373 2243 1465 2284 cura·

210 2309 318 2373 verint
340 2312 451 2374 exacta
474 2310 645 2395 diligentia
674 2310 856 2388 observare,
887 2328 946 2374 nos
976 2333 1041 2375 non
1073 2311 1279 2376 intendentes
1309 2310 1464 2394 preterire

210 2399 278 2462 tam
301 2399 434 2484 grandis
457 2400 648 2463 temeritatis
672 2398 836 2463 audaciam
851 2400 1054 2484 impunitam,
1077 2400 1164 2485 ipsos
1186 2400 1335 2464 omnibus
1358 2398 1464 2463 feudis

211 2489 243 2550 et
266 2488 354 2567 aliis,
385 2511 448 2572 que
479 2489 519 2552 ab
552 2489 690 2553 ecclesiis
724 2489 983 2553 ecclesiasticisve
1016 2489 1161 2574 personis
1200 2489 1363 2566 obtinent,
1396 2489 1464 2572 pri·

210 2597 286 2640 vare
309 2578 489 2641 curabimus
506 2579 539 2641 01
553 2579 707 2643 vassallos
724 2599 841 2656 eorum,
860 2577 984 2662 siquos
1007 2580 1137 2657 habent,
1162 2603 1180 2644 a
1196 2577 1360 2643 fidelitatis
1371 2578 1463 2662 jura·

209 2667 329 2743 mento,
353 2687 416 2750 quo
439 2669 594 2730 tenentur
617 2667 745 2745 eisdem,
769 2668 898 2751 penitus
923 2668 1123 2732 absolvemus
1147 2671 1187 2745 et,
1211 2667 1358 2752 personis
1373 2667 1463 2750 ipso-

208 2775 281 2818 rum
303 2755 383 2819 citra
405 2756 581 2840 periculum
604 2757 716 2820 mortis
736 2759 769 2820 et
784 2757 996 2821 mutilationis
1020 2758 1181 2842 expositis,
1205 2758 1250 2820 sic
1265 2777 1461 2841 exponemus

209 2843 295 2908 bona
319 2845 418 2909 etiam
442 2846 644 2923 eorumdum,
674 2848 712 2909 ut
739 2846 797 2910 illa
826 2846 925 2910 libeat
947 2846 1077 2912 cuilibet
1100 2868 1261 2930 occupare.
1308 2845 1462 2911 Civitates

209 2953 345 3018 quoque,
368 2937 614 3000 communitates
638 2939 671 2999 et
693 2936 918 3000 universitates
942 2936 1109 3020 quaslibet,
1133 2958 1194 3019 que
1211 2935 1371 3019 prefatam
1386 2955 1461 3018 pro·

208 3021 399 3088 bibitionem
423 3028 566 3090 nostram
590 3026 709 3090 violare
734 3047 931 3109 quocumque
956 3025 1038 3104 dolo,
1062 3025 1204 3110 ingenio,
1229 3027 1297 3088 arte
1320 3025 1372 3088 101
1394 3045 1463 3087 ma·

208 3111 393 3178 chinatione
416 3116 662 3200 temptaverint,
692 3116 838 3178 volumus
868 3114 1030 3179 interdicti
1060 3114 1264 3178 ecclesiastici
1293 3113 1463 3190 sententie,

208 3223 306 3285 quam
329 3225 368 3266 ex
392 3205 535 3269 nuncin
560 3228 613 3270 eos
636 3205 777 3282 ferimus,
801 3204 974 3287 subjacere.
999 3204 1147 3269 Ceterum
1170 3203 1246 3288 quia
1268 3203 1463 3267 memoratus

209 3291 411 3358 Conradinus
427 3295 501 3374 suis,
526 3299 562 3360 ut
584 3295 767 3380 predicitur,
790 3293 937 3357 terminis
960 3316 1028 3357 non
1051 3296 1230 3372 contentus,
1254 3291 1463 3357 ambitionem

209 3403 300 3446 suam
324 3383 364 3446 ad
387 3385 558 3468 imperium
581 3385 792 3462 obtinendum
816 3382 969 3460 extendit,
992 3405 1052 3446 nos
1076 3383 1220 3446 volentes
1242 3383 1343 3466 ipsius
1360 3379 1462 3445 ambi-

209 3472 278 3535 tum
294 3475 386 3537 freno
401 3476 612 3558 repressionis
628 3498 664 3538 ac
679 3471 809 3538 comode
825 3472 980 3549 cohibere,
1005 3472 1153 3536 omnibus
1170 3473 1202 3534 et
1218 3471 1354 3557 singulis
1370 3469 1461 3555 prin-

208 3563 331 3647 cipibus
348 3565 550 3645 Alamannie,
575 3587 683 3629 vocem
706 3562 899 3627 habentibus
922 3561 957 3624 in
974 3560 1128 3624 electione
1144 3560 1230 3644 regis
1246 3560 1462 3626 Romanorum

209 3650 243 3716 in
266 3655 495 3739 imperatorem
518 3655 721 3740 postmodum
744 3649 962 3736 promovendi,
986 3671 1082 3734 super
1104 3649 1165 3713 1100
1187 3649 1311 3713 litteras
1335 3650 1461 3712 nostras

207 3744 381 3810 direximus
403 3745 634 3810 subterannexi
658 3742 789 3816 tenoris,
814 3739 918 3823 quoad
951 3739 1075 3824 aliquos
1104 3738 1209 3803 verbis
1239 3737 1373 3803 mutatis
1403 3738 1461 3801 ali·

208 3835 331 3918 quibus,
354 3838 451 3919 prout
473 3856 683 3918 personarum
707 3830 845 3916 qualitas
862 3828 1021 3913 exigebat.
1059 3829 1163 3893 Tenor
1178 3831 1286 3893 autem
1302 3827 1461 3912 predictus

206 3923 281 3988 talis
305 3927 362 3989 cst.
387 3924 535 3988 Clemens
559 3924 725 4006 episcopus
749 3940 858 3984 servus
882 3940 1045 3982 servorum
1077 3917 1136 3981 dei.
1162 3917 1346 3984 Venerabili
1369 3913 1462 3980 fratri

207 4012 444 4098 archiepiscopo
484 4012 667 4076 Coloniensi
705 4011 841 4075 salutem
881 4011 913 4072 et
952 4007 1159 4091 apostolicam
1198 4004 1461 4070 benedictionem.

206 4103 354 4168 Fundata
377 4102 489 4167 domus
513 4101 633 4165 domini
664 4123 760 4184 super
791 4097 952 4161 immobile
976 4096 1235 4172 tundamentum,
1260 4115 1323 4177 quo
1347 4114 1460 4164 secun-

206 4193 282 4257 dum
306 4192 487 4276 apostolum
511 4191 597 4255 aliud
627 4211 746 4273 ponere
777 4207 872 4250 nemo
902 4187 1016 4268 potest,
1040 4209 1059 4248 a
1081 4182 1259 4267 columpnis
1283 4181 1460 4258 stabilibus,

206 4283 265 4346 sub
294 4281 421 4346 decenti
450 4281 561 4345 locatis
591 4278 717 4355 ordine,
748 4273 1019 4362 pulchritudinem
1048 4272 1162 4355 recipit
1192 4274 1225 4334 et
1247 4270 1459 4355 splendorem,

206 4393 341 4455 quarum
356 4370 494 4454 implent
517 4369 665 4444 officium,
690 4368 753 4451 qui,
777 4361 988 4448 plantationis
1013 4361 1219 4424 ecclesiastice
1242 4359 1457 4424 ministerium

206 4459 357 4538 assecuti,
388 4458 554 4543 spirituale
585 4457 747 4522 sustinent
777 4451 935 4518 edificium
965 4453 998 4514 et
1030 4452 1242 4515 venustatem.
1288 4451 1379 4514 Inter
1401 4446 1460 4510 hos

206 4572 295 4631 sane,
329 4552 451 4634 quanto
483 4548 518 4612 in
550 4547 670 4612 credita
702 4544 762 4609 tibi
793 4540 958 4629 provincia
990 4540 1094 4603 locum
1126 4539 1253 4605 obtines
1285 4537 1459 4622 celsiorem,

715 4647 722 4669 Ι
