3464 5280
330 560 390 619 102
776 558 977 606 clarinus
995 560 1035 606 iv.
1057 559 1133 606 rasi.

330 719 422 778 1284.

326 809 432 816 —*
486 827 591 888 habeat
620 827 816 904 presentandi.
839 861 884 872 —
908 827 993 900 „Ilio
1023 825 1184 888 devotionis
1192 832 1217 883 “.
1250 827 1310 886 XV.
1335 827 1394 886 kal.
1418 825 1489 902 Apr.
1517 826 1579 884 133

486 936 515 992 p.
536 917 597 974 156
614 917 666 1001 A,.
1494 920 1583 975 1234

326 1019 491 1102 (Mutis.)
514 1021 635 1099 (Apud
656 1023 791 1082 Urbem
813 1025 1004 1100 veterem.)
1027 1023 1060 1082 P.
1079 1020 1210 1092 12‚117:
1227 1021 1384 1082 Guillelmo
1399 1023 1430 1080 01
1443 1021 1581 1082 Riccardo
1648 1071 1649 1076 ,

486 1110 610 1172 dominis
626 1112 661 1173 dc
676 1113 809 1172 Caccano.
833 1113 876 1171 De
891 1111 992 1171 eodem
1006 1131 1074 1172 cum
1089 1111 1241 1188 superiori.
1264 1131 1292 1187 p.
1311 1112 1351 1169 89
1368 1112 1401 1169 Β.
1494 1113 1581 1172 lass

325 1217 395 1292 Apr.
437 1218 464 1276 1.
553 1261 570 1291 „
659 1220 801 1295 Episcopo
809 1219 990 1296 Legionensi
1013 1218 1149 1288 Articuli,
1166 1216 1201 1276 de
1216 1217 1325 1295 quibus
1341 1219 1440 1276 actum
1455 1217 1500 1275 est
1508 1217 1582 1276 Por·

486 1309 598 1385 tugalie
620 1308 652 1367 in
673 1309 792 1384 publico
815 1310 961 1368 conventu
976 1327 1029 1384 pro
1045 1306 1173 1366 ineunda
1188 1306 1340 1366 concordia
1354 1307 1433 1366 inter
1448 1306 1582 1366 ecclesia·

487 1398 574 1457 sticos
588 1398 674 1475 regni
689 1398 859 1476 Portugah'e
874 1399 905 1456 et
919 1397 1094 1474 Dyonisium
1114 1414 1215 1472 regem
1230 1394 1400 1472 Portugalie
1416 1396 1446 1454 et
1459 1413 1582 1470 respon·

487 1487 582 1545 0100οε
592 1487 724 1561 ejusdem
732 1488 819 1564 regis,
836 1505 961 1563 quarum
971 1485 1065 1562 aliqui
1073 1485 1190 1544 articuli
1201 1484 1272 1544 olim
1286 1484 1450 1542 transmissi
1463 1483 1584 1542 fuerant

486 1575 522 1634 ab
545 1575 653 1634 eisdem
677 1577 798 1651 prelatis
822 1577 859 1635 ad
874 1577 1052 1634 Clementem
1067 1576 1117 1635 IV.
1132 1575 1233 1633 contra
1247 1574 1295 1646 A,
1311 1575 1425 1648 patrem
1446 1573 1584 1650 Dyonisii

485 1665 572 1742 rsgIs,
589 1665 639 1722 alii
653 1664 818 1724 transmissi
833 1664 869 1723 ad
885 1665 1060 1742 Gregorium
1075 1665 1117 1734 X,
1134 1663 1243 1740 quibus
1259 1655 1583 1738 omnibusresponsiim

486 1755 517 1812 01
531 1753 737 1813 concordatum
758 1753 856 1813 fuerat
877 1754 909 1812 in
924 1753 1001 1813 dicto
1017 1754 1170 1822 conventu,
1186 1754 1374 1828 preterquam
1389 1753 1453 1810 0010
1469 1769 1504 1809 ex
1523 1751 1582 1810 eis-

486 1842 553 1901 dem
575 1843 720 1916 articulis,
743 1862 797 1919 pro
820 1843 929 1920 quibus
950 1842 1123 1918 sperabatur
1138 1841 1296 1900 concordia
1312 1837 1445 1910 Quorum
1459 1858 1584 1916 respon·

486 1931 580 1990 aiones
603 1933 719 2010 cognite
743 1934 773 1992 et
795 1931 945 1993 emendate
969 1932 1166 1991 remittimtur
1186 1950 1204 1988 a
1226 1948 1315 2006 papa,
1340 1931 1377 1988 ut
1400 1929 1584 1988 confirmatio

485 2022 653 2096 postuletur
668 2041 685 2080 0
700 2021 778 2081 11010
793 2021 943 2099 Dyonisio.
959 2053 1003 2064 —
1019 2021 1096 2094 „Isti
1111 2022 1182 2080 sunt
1196 2018 1347 2098 0011001111
1371 2018 1428 2078 kal.
1443 2018 1515 2095 Apr.
1543 2019 1583 2077 10

485 2129 515 2186 p.
535 2110 665 2194 194A,.
1496 2113 1585 2170 mac

348 2258 366 2289 ,‚
438 2216 466 2276 5.
556 2258 572 2288 ,,
663 2217 695 2278 Ρ.
712 2216 847 2288 21,972;
870 2215 999 2276 cerardo
1015 2216 1149 2291 episeopo
1165 2213 1325 2274 Sabinensi.
1349 2214 1455 2273 Contra
1471 2213 1586 2274 Similes

485 2306 617 2379 rebelles,
634 2306 686 2385 qui
700 2307 831 2379 Petrum,
850 2305 999 2384 quondam
1019 2323 1121 2382 regem
1136 2304 1290 2381 Aragonie,
1313 2305 1350 2361 ut
1367 2321 1469 2380 regem
1485 2303 1585 2362 Sicilie

487 2397 684 2471 acceptarumt
700 2395 833 2455 concedit
846 2395 1062 2472 indulgentiam
1071 2394 1116 2464 iis,
1133 2393 1186 2469 qui
1195 2394 1295 2452 contra
1306 2392 1405 2467 ipsum
1416 2383 1586 2469 pugnantes

487 2485 622 2545 obierint.
638 2519 682 2528 -
697 2485 874 2562 „Exirrgat“.
896 2502 963 2543 non
979 2484 1050 2560 Apr.
1065 2484 1080 2541 1
1097 2502 1127 2558 p.
1139 2481 1265 2566 calip
1290 2481 1320 2539 P.
1337 2480 1382 2541 ad
1398 2499 1477 2539 ann.
1498 2481 1584 2540 1283

486 2574 552 2634 Jan.
572 2575 620 2634 13.
1391 2623 1392 2628 ,
1497 2576 1585 2632 1237

349 2721 366 2753 ,,
436 2679 465 2741 6.
555 2725 572 2753 ,,
662 2680 876 2756 Ρ10000000110
891 2679 937 2738 die
953 2696 1022 2739 cene
1037 2677 1161 2756 domini)
1176 2676 1294 2736 habitus
1309 2676 1587 2736 contraComadunl

487 2769 523 2828 de
545 2770 715 2844 Antiochia,
746 2771 863 2830 ecclesie
887 2769 1034 2829 rebellem.
1078 2768 1187 2828 Actum
1210 2766 1290 2844 apud
1314 2766 1423 2826 Urbem
1446 2767 1586 2826 veterem

490 2859 508 2917 3
524 2876 553 2934 0.
571 2861 634 2920 226
651 2860 704 2945 ΑΒ.
1501 2860 1587 2916 1238

350 3007 367 3037 ,,
415 2963 464 3024 17.
555 3008 571 3037 ,,
661 2967 693 3026 P.
711 2966 844 3038 22,124:
861 2966 931 3047 Dat.¹
949 2964 1029 3042 apud
1043 2965 1152 3024 Urbem
1166 2965 1295 3025 veterem
1317 2961 1412 3023 XIIII.
1432 2961 1490 3020 kal.
1505 2961 1588 3036 111011

490 3053 508 3112 8
527 3074 557 3130 p.
577 3056 637 3115 193
654 3056 707 3140 Ag·
1499 3055 1588 3112 lass

352 3203 369 3232 ‚,
417 3161 467 3220 23.
557 3202 574 3232 „
665 3162 806 3238 Episcopo
816 3161 968 3221 Sabinensi
983 3162 1074 3236 apost.
1092 3159 1167 3220 sedis
1182 3160 1287 3238 legato.
1311 3159 1351 3217 Ut
1365 3156 1518 3233 ingentem
1531 3175 1587 3232 00-

489 3251 575 3309 cunie
590 3251 786 3326 quantitatem
800 3250 922 3326 recipiat
940 3249 1112 3309 tradendam
1133 3249 1261 3325 principi
1276 3246 1473 3318 Salernitano,
1497 3264 1589 3320 quam

488 3338 546 3415 ipsi
559 3358 635 3416 papa
650 3343 775 3399 mutuat
792 3374 836 3382 -
851 3339 995 3410 „Tuam“.
1020 3339 1115 3399 VIIII.
1131 3338 1188 3396 kal.
1204 3337 1284 3412 Maji.
1299 3355 1328 3412 p.
1345 3337 1386 3394 95
1403 3337 1436 3394 B.
1500 3341 1589 3396 1240

344 3445 375 3520 1,
422 3446 487 3524 28.)
563 3445 606 3525 (,.)
675 3447 774 3507 carolo
795 3447 921 3523 principi
937 3446 1126 3506 acernum.
1149 3445 1192 3504 oe
1215 3443 1293 3502 nea
1313 3441 1437 3519 pecunia
1458 3441 1504 3501 nn
1518 3460 1588 3500 mu-

488 3535 581 3627 10010.
597 3567 641 3580 -
657 3531 795 3610 „Nosti‘t
819 3555 848 3612 p.
866 3537 907 3594 95
924 3535 957 3593 B.
1285 3535 1288 3538 '
1501 3536 1587 3593 1241

352 3683 369 3712 „
417 3642 467 3700 30.
559 3685 575 3713 ,,
666 3643 812 3702 Cittadino
827 3643 903 3702 dicto
919 3641 954 3700 10
969 3640 1120 3717 Episcopo.
1144 3639 1274 3698 Mittitur
1297 3638 1334 3696 ad
1349 3637 1457 3696 Urbem
1472 3655 1525 3714 pro
1541 3655 1588 3695 se·

490 3729 592 3789 dandis
608 3731 757 3791 discordiis
773 3735 803 3791 et
824 3731 998 3801 instruitur,
1023 3728 1095 3804 quid
1117 3747 1204 3806 agere
1227 3727 1338 3788 debeat
1355 3761 1399 3770 —
1414 3727 1510 3798 „Cum
1524 3727 1587 3784 te“.

490 3817 556 3878 Dat.
571 3823 717 3898 utsupra.
742 3820 785 3894 (P.
804 3816 947 3902 22,129.)
970 3839 997 3895 p.
1019 3818 1061 3877 94
1076 3819 1110 3879 B.
1501 3820 1587 3877 1242

329 3925 401 4004 Maji
441 3924 469 3986 5.
558 3968 575 3998 „
666 3926 795 3986 dohanni
810 3927 845 3987 de
860 3927 930 4002 Epa.
955 3925 1073 3986 Carolus
1087 3925 1120 3982 in
1135 3924 1262 3984 Siciliam
1277 3922 1520 3983 transfretaturus
1534 3939 1587 3997 pe·

490 4013 586 4088 tieret,
602 4017 639 4074 ut
653 4033 751 4075 secum
766 4016 873 4076 habere
881 4016 979 4092 posset
985 4014 1149 4073 Johannem
1159 4013 1194 4073 de
1204 4013 1267 4090 Epa
1275 4031 1344 4072 cum
1358 4013 1421 4070 1010
1437 4029 1490 4070 suo
1505 4029 1588 4070 exer-

491 4104 561 4165 citu.
586 4104 754 4180 Requisitus
770 4104 805 4164 de
820 4105 875 4164 hoc
889 4123 973 4181 papa,
988 4102 1153 4179 respondet,
1169 4102 1303 4178 quamvis
1321 4099 1480 4160 necessaria
1494 4099 1588 4158 adhuc

491 4193 548 4252 sibi
563 4194 698 4254 videatur
713 4195 861 4271 presentia
876 4193 946 4252 dicti
954 4191 1097 4251 Johannis
1112 4209 1180 4251 cum
1195 4210 1248 4251 suo
1263 4191 1393 4251 exercitu
1407 4187 1587 4265 inpartibus

492 4282 661 4359 Campanis,
686 4284 785 4343 tamen
807 4284 838 4342 id
853 4301 883 4343 se
898 4281 1064 4357 relinquere
1079 4280 1227 4342 voluntati
1242 4280 1312 4338 11011
1326 4278 1478 4352 iohannis,
1493 4279 1530 4337 ut
1544 4277 1588 4336 fa·

492 4370 565 4446 ciat,
588 4372 728 4448 quicquid
743 4376 806 4449 ipse
817 4372 1002 4448 judicaverit
1018 4403 1063 4414 —
1079 4370 1333 4445 „Intelleximus“.
1355 4369 1408 4428 III.
1425 4386 1492 4427 non
1508 4365 1586 4441 Maji.

228 4569 231 4578 “
356 4590 372 4625 a
444 4549 471 4610 5·
493 4478 522 4535 p·
540 4461 630 4623 9113.
669 4549 797 4612 Johcnni
822 4547 870 4611 aa
893 4568 914 4610 s.
931 4549 1034 4610 Ceoilie
1056 4548 1218 4628 presbitero
1239 4547 1379 4607 cardinali
1401 4547 1491 4623 apost
1502 4461 1588 4606 10,οἓ
1666 4535 1669 4542 ’
1706 4511 1707 4588 l
