3464 5280
325 510 388 572 136

322 627 582 752 rariocontraire.
590 667 624 734 Si
635 670 707 755 quis
716 672 823 734 autem
831 670 891 734 hoc
899 672 1060 735 attentare
1070 669 1582 756 presumpseritindignationem

321 759 557 843 omnipotentis
588 757 640 824 dei
671 762 704 823 et
732 760 899 823 beatorum
922 759 1011 824 Petri
1035 761 1067 824 et
1089 759 1182 824 Pauli
1208 759 1428 844 apostolorum
1452 761 1521 844 ejus
1546 782 1581 825 se

323 847 450 912 noverit
479 848 691 913 incursurum.
743 849 865 913 Datum
898 848 984 933 apud
1007 848 1130 914 Urbem
1161 851 1311 928 veterem,
1341 846 1383 913 id.
1414 848 1582 914 Februarii
1717 929 1718 936 ἵ

323 957 409 1001 anno
433 936 582 1002 secundo.

927 1063 977 1128 12.

415 1204 566 1270 Urbanus
587 1205 650 1271 IV.
673 1206 822 1270 hortatur
844 1206 1043 1272 Ricoordam
1072 1208 1108 1272 o'a
1130 1209 1358 1272 Romorwrum
1386 1225 1490 1291 repen
1519 1205 1599 1292 ‹clo-⁴

322 1319 413 1390 cmm,
436 1321 473 1376 ut
486 1315 627 1377 Hernico
643 1315 711 1396 rapt
726 1312 843 1396 Anytio
856 1322 961 1396 prosto
981 1315 1031 1378 ait.
1056 1315 1092 1398 os.
1110 1313 1170 1378 Nr.
1185 1317 1262 1384 282.
1285 1313 1411 1395 Apud
1434 1311 1580 1380 Urbem

251 1449 254 1456 ·
321 1425 512 1501 corworo,
535 1419 642 1486 1263
663 1420 767 1502 Sept.
791 1419 858 1486 16.

415 1557 586 1624 Carissimo
602 1561 638 1624 in
656 1558 782 1624 Christo
798 1560 864 1625 filio
880 1560 1033 1626 Riccardo
1048 1562 1085 1625 in
1100 1559 1317 1626 Romanorum
1334 1580 1446 1646 regem
1469 1559 1578 1626 electo.

321 1649 430 1714 Habet
451 1647 519 1725 hoc,
542 1650 588 1713 fili
612 1649 783 1727 carissime,
807 1651 920 1735 populi
938 1651 1115 1716 communis
1132 1650 1266 1716 assertio
1282 1651 1315 1714 et
1330 1649 1493 1734 generalis
1509 1651 1577 1714 fere

323 1738 468 1803 omnium
491 1737 525 1801 id
547 1740 639 1802 tenet
662 1739 780 1822 opinio,
805 1739 889 1823 quod
905 1741 1081 1824 procellosa
1096 1740 1262 1804 fluctuatio
1277 1738 1490 1824 tempestatis,
1514 1760 1578 1822 qne

322 1825 459 1892 solidum
473 1828 569 1912 regni
585 1827 703 1912 Anglie
720 1828 834 1892 solium
850 1829 999 1906 concutit,
1023 1831 1072 1894 est
1094 1828 1154 1893 hoc
1177 1831 1321 1913 tempore
1344 1828 1456 1892 contra
1477 1827 1577 1892 caris-

322 1916 439 1982 simum
447 1916 484 1980 in
493 1915 618 1980 Christo
627 1916 883 1981 filiumnostrum
891 1917 1092 2004 H(enricmn)
1101 1918 1576 2002 illustremhnglorumregem,

321 2027 514 2091 germanum
538 2006 638 2083 tuum,
662 2009 694 2070 te
718 2007 928 2090 permittente
953 2028 989 2071 ac
1012 2007 1244 2085 dissimulante,
1268 2029 1310 2070 ne
1335 2006 1475 2070 dicamus
1499 2027 1576 2089 pro-

321 2097 463 2174 curante,
487 2097 653 2159 commota.
679 2093 758 2159 (lum
782 2095 869 2159 enim
892 2117 1031 2180 persona
1053 2098 1111 2160 tua
1131 2095 1266 2160 illustris
1283 2098 1316 2159 et
1330 2094 1451 2172 inclita,
1474 2094 1576 2159 multe

322 2183 522 2249 discretionis
546 2184 744 2268 aliarumque
768 2185 923 2249 virtutum
946 2186 1053 2270 gratia
1075 2185 1186 2270 vigeat
1209 2205 1245 2250 ac
1267 2205 1388 2270 magno
1412 2185 1445 2248 et
1468 2183 1578 2268 amplo

322 2273 459 2338 seculari
480 2274 652 2356 potentatu
675 2273 857 2358 premineat
880 2277 912 2338 et
935 2273 1055 2338 divitiis
1080 2274 1193 2339 affluat
1216 2295 1255 2338 ex
1277 2271 1502 2338 habundantia
1525 2272 1578 2336 fa-

322 2363 487 2441 cultatum,
510 2383 570 2426 nec
592 2362 636 2427 sit
658 2363 693 2427 in
716 2383 819 2448 regno
843 2363 963 2449 Anglie
987 2363 1111 2448 aliquia,
1136 2363 1246 2448 quite
1270 2361 1462 2447 prohibente
1486 2383 1580 2427 arma

321 2451 432 2516 levare
457 2453 657 2535 presumeret
685 2452 738 2516 vel
766 2454 877 2516 contra
909 2451 1033 2516 dictum⁴
1057 2473 1169 2538 regem
1199 2451 1320 2537 aliquid
1342 2450 1579 2516 inconveniens

321 2541 472 2627 cogitare,
496 2540 633 2624 quedam
656 2543 767 2605 contra
790 2541 1050 2627 magnitudinem
1079 2544 1169 2605 tuam
1200 2563 1239 2605 ex
1268 2541 1337 2606 sola
1365 2539 1451 2604 tanti
1479 2537 1578 2604 dissi·

322 2629 499 2694 mulatione
515 2629 633 2715 flagitii
649 2630 751 2694 oritur
766 2631 802 2694 in
817 2631 980 2696 mentibus
999 2631 1143 2695 omnium
1167 2629 1298 2695 sinistra
1321 2627 1465 2713 suspitia,
1489 2627 1578 2712 quod

322 2722 396 2784 ate
420 2718 604 2803 hujusmodi
627 2741 728 2797 error,
759 2719 810 2783 cui
831 2742 890 2804 per
912 2723 1002 2784 tuam
1025 2719 1204 2805 potentiam
1228 2741 1295 2783 non
1317 2716 1490 2795 resistitur,
1515 2739 1577 2801 ap·

322 2809 486 2892 probatur,
510 2807 657 2893 quodque
680 2830 748 2872 non
770 2830 859 2875 cares
883 2809 1031 2892 scrupulo
1054 2807 1216 2874 societatis
1240 2807 1376 2884 occulte,
1406 2805 1483 2869 dum
1505 2807 1577 2870 tam

321 2898 494 2961 manifesto
517 2897 653 2962 facinori
676 2897 804 2962 obviare
821 2898 957 2963 desistis.
993 2898 1083 2962 Licet
1105 2899 1213 2962 antem
1236 2896 1295 2961 hec
1317 2898 1351 2961 et
1373 2894 1437 2959 alia
1459 2894 1577 2978 gravia

322 2986 361 3050 de
384 2989 417 3050 te
441 2985 523 3049 circa
545 2986 729 3071 hujusmodi
752 2988 920 3071 negotium
950 2987 1070 3051 nostris
1099 2987 1286 3070 frequenter
1316 2983 1446 3048 auribus
1468 2983 1575 3047 incul-

320 3077 441 3152 centur,
465 3096 524 3139 nos
547 3078 658 3140 tamen
681 3075 839 3140 habentes
854 3079 941 3139 recta
956 3076 1212 3140 consideratione
1231 3076 1412 3159 respectum
1436 3069 1477 3135 ad
1498 3091 1575 3156 pre-

320 3164 417 3229 terita
439 3165 593 3248 tempora,
617 3165 650 3228 in
675 3164 790 3248 quibus
813 3165 848 3228 in
873 3165 961 3229 omni
990 3164 1170 3229 devotionis
1201 3165 1234 3227 et
1261 3163 1336 3227 fidei
1366 3182 1485 3247 genere
1516 3163 1576 3226 tua

320 3253 526 3318 laudabiliter
549 3251 654 3318 studia
678 3252 855 3318 exercuisse
878 3257 912 3318 te
935 3253 1082 3318 novimus
1099 3256 1132 3317 et
1152 3252 1211 3318 sub
1232 3273 1368 3337 quorum
1386 3249 1575 3316 diversitate

320 3344 441 3407 famam
464 3342 513 3406 tui
534 3342 666 3407 honoris
690 3344 723 3405 et
746 3343 887 3408 nominis
910 3343 1059 3428 gloriosis
1083 3341 1206 3406 actibus
1223 3343 1256 3405 et
1271 3340 1372 3427 gestis
1391 3339 1573 3424 magnificis

320 3435 354 3496 et
375 3433 411 3496 in
434 3431 614 3496 cismarinis
631 3433 664 3495 et
678 3432 714 3495 in
730 3432 956 3497 transmarinis
971 3431 1117 3516 partibus
1141 3431 1352 3515 sollempnem
1368 3431 1401 3493 et
1415 3427 1574 3493 celebrem

320 3519 495 3600 reddidisti,
519 3520 706 3586 nullatenus
729 3521 856 3585 credere
880 3543 1064 3606 possumus,
1089 3519 1174 3605 quod
1196 3520 1347 3604 princeps
1369 3520 1437 3582 tam
1460 3516 1573 3581 catho'-

321 3609 409 3686 licus,
432 3611 500 3674 tam
516 3609 627 3688 fidelis,
651 3612 718 3674 tam
734 3610 816 3694 pius,
838 3613 906 3674 tam
922 3610 1108 3688 misericors,
1123 3612 1192 3673 tam
1207 3609 1378 3694 benignus,
1402 3605 1574 3692 sanguinis

320 3698 440 3763 violato
463 3699 580 3777 federe,
604 3699 649 3763 sic
664 3699 873 3785 negligenter
887 3701 1010 3778 toleret,
1034 3702 1072 3763 ut
1085 3699 1187 3762 frater
1201 3698 1356 3762 innocens
1372 3695 1575 3782 opprimatur

322 3787 429 3872 sicque
453 3787 616 3872 patienter
640 3788 814 3866 sustineat,
846 3791 883 3853 ut
904 3789 989 3875 regii
1011 3788 1138 3853 culmen
1160 3787 1291 3852 honoris
1315 3785 1513 3871 deprimatur
1536 3784 1573 3848 in

319 3876 390 3962 ipso
414 3879 447 3940 et
468 3876 588 3961 regalis
612 3877 648 3941 in
671 3898 708 3941 eo
731 3877 902 3962 dignitatis
925 3877 1059 3963 fastigia
1074 3878 1330 3963 prosternantur.
1364 3873 1458 3940 Absit
1474 3873 1572 3952 enim,

319 3965 584 4032 christianissime
604 3965 763 4052 princeps,
787 3967 873 4030 utin
889 3969 1033 4031 mentem
1056 3968 1165 4031 nostre
1188 3964 1386 4030 credulitatis
1410 3962 1571 4040 ascendat,

319 4055 404 4139 quod
433 4057 482 4122 tui
511 4056 687 4121 sacrarium
715 4055 862 4140 pectoris,
895 4056 979 4141 quod
1009 4055 1109 4120 totius
1139 4054 1319 4120 devotionis
1350 4055 1383 4117 et
1404 4051 1479 4117 fidei
1502 4073 1572 4115 esse

318 4146 485 4210 consuevit
507 4146 695 4223 armarium,
719 4147 788 4209 tam
810 4145 998 4210 detestande
1021 4146 1152 4229 tamque
1179 4141 1426 4208 abhominabilis
1450 4139 1572 4205 machi-

319 4233 462 4299 nationis
485 4235 703 4300 habitaculum
726 4237 896 4299 statuatur.
943 4234 1050 4313 Absit,
1082 4236 1119 4297 ut
1141 4235 1229 4298 fama
1251 4231 1407 4309 volatilis,
1439 4230 1484 4295 sic
1514 4251 1572 4294 sue

319 4323 538 4408 suggestionis
558 4324 674 4408 jaculis
698 4326 807 4389 nostre
831 4326 943 4388 contra
962 4325 994 4387 te
1010 4323 1204 4388 conscientie
1221 4320 1401 4407 penetralia
1415 4319 1572 4396 vulneret,

318 4415 356 4476 ut
378 4410 463 4476 credi
486 4414 588 4496 possit
612 4436 631 4477 a
654 4412 756 4492 nobis,
781 4412 864 4497 quod
888 4413 1049 4478 fraternus
1080 4433 1183 4490 amor,
1218 4433 1281 4496 quo
1311 4405 1440 4498 dictum'
1460 4428 1572 4493 regem

321 4501 360 4564 ab
379 4501 474 4565 annis
498 4505 685 4586 prosecutus
709 4524 743 4566 es
766 4502 895 4581 teneris,
919 4502 1061 4570 defectus
1077 4501 1112 4566 in
1128 4504 1169 4579 te,
1192 4504 1259 4566 tam
1275 4498 1428 4564 deformis
1441 4501 1572 4584 tamque
