3464 5280
316 515 360 577 76
756 515 950 567 buconius
969 517 1018 566 111.
1041 518 1116 567 1378.

316 677 410 740 1278.

312 766 451 881 ᾗῇ.
473 804 652 865 viterbii.
674 805 777 866 meno
795 799 920 865 Ostiensi
942 808 973 866 a
986 804 1162 867 velletrensi
1183 807 1324 882 episeopo.
1347 804 1480 881 saepes
1497 805 1564 881 aas

472 894 565 953 literis
587 893 662 953 circa
682 913 788 954 novam
809 895 980 955 electionem
1002 895 1141 954 senatoris
1157 895 1245 954 Urbis
1259 895 1368 954 iterum
1382 894 1510 965 mandat,
1525 896 1564 953 ut

473 984 507 1042 in
519 982 605 1132 ἒὲοῒὲ
626 985 744 1062 negotio
766 986 850 1044 cauta
872 984 1016 1061 procedat.
1032 1017 1076 1030 -·
1098 1027 1115 1058 ‚,
1123 985 1200 1046 Visis
1208 989 1233 1044 ⁴⁴.
1255 985 1325 1045 ΠΙΙ.
1339 1001 1408 1043 non
1424 984 1503 1061 Aug.
1520 984 1563 1042 25

472 1091 501 1148 p.
602 1117 609 1132 .
1497 1078 1565 1135 916

337 1221 354 1251 ,,
382 1239 384 1244 ,
425 1179 452 1239 5.
542 1221 559 1251 ,,
650 1179 776 1242 (larardo
790 1179 908 1241 basilica
923 1181 989 1242 XII.
1003 1181 1200 1256 apostolorum
1222 1180 1393 1258 presbytero
1414 1179 1564 1240 cardinali.

339 1273 341 1278 '
472 1268 600 1347 legatus
614 1269 745 1329 mittitur
759 1270 950 1330 inlbanciam
964 1289 1018 1347 pro
1033 1270 1239 1346 ineundapace
1248 1271 1435 1347 interregem
1444 1269 1565 1328 Francia

473 1359 504 1418 et
519 1358 654 1430 Castell03
670 1359 793 1430 ordinet,
815 1361 904 1419 utin
926 1361 1043 1420 civitate
1058 1359 1304 1420 Tholosauacirca
1320 1359 1429 1418 festum
1443 1358 1471 1417 b.
1487 1358 1565 1418 Luce

474 1466 541 1507 cum
556 1448 695 1508 cardinali
703 1449 852 1518 Jeronimo
867 1448 1039 1509 etJohanne
1054 1449 1145 1508 electo
1160 1449 1395 1509 derosolimitano
1410 1448 1565 1509 conteniat

472 1539 503 1597 et
518 1531 592 1597 circa
606 1538 684 1597 idam
698 1530 852 1616 negotium
866 1538 944 1613 pacis
959 1537 1081 1598 sollicite
1096 1539 1298 1615 prosequatur.
1308 1571 1353 1580 —
1361 1537 1564 1613 „Supersemi·

472 1627 568 1687 nata“.
589 1646 658 1688 non.
672 1627 751 1705 Aug.
770 1627 809 1686 54
825 1646 853 1703 p.
872 1628 912 1686 80
928 1627 966 1712 Α1
989 1630 1019 1687 et
1034 1627 1062 1689 0.
1079 1628 1120 1687 49
1136 1627 1185 1686 fol
1203 1628 1253 1688 83.
1498 1632 1564 1688 917

328 1731 359 1807 (n
381 1739 385 1748 '
408 1734 447 1810 5.)
523 1732 567 1813 (,,)
648 1733 1565 1820 Universisarchicpisoopis.Dacodemlagato.55p.81A1.918

336 1883 354 1914 „
403 1839 452 1900 13.
542 1884 559 1914 ‚,
648 1842 804 1913 Potestati,
827 1842 998 1917 capitaneis,
1020 1841 1139 1902 oonsilio
1155 1843 1186 1902 et
1200 1841 1347 1902 communi
1361 1841 1566 1901 Januensium.

472 1930 585 1991 Laudat
593 1930 613 1990 J
613 1935 787 1992 aunensimu
796 1931 966 1991 fidelitatem
978 1949 1048 2010 erga
1056 1931 1215 1991 Romanam
1229 1931 1379 1992 ecclesiam
1392 1933 1423 1990 et
1437 1929 1566 2000 mandat,

472 2039 510 2080 ne
524 2038 625 2097 pacem
638 2020 743 2080 initam
758 2021 1017 2098 operalnnoccntii
1025 2022 1060 2083 V.
1075 2021 1153 2080 inter
1167 2022 1245 2097 ipsos
1260 2022 1291 2081 et
1305 2021 1425 2081 comites
1439 2019 1566 2080 Iavanie
1697 2091 1698 2094 Ἴ

472 2110 600 2171 audeant
619 2110 795 2188 infringere,
817 2112 853 2170 ut
874 2109 994 2172 faciunt.
1009 2143 1053 2153 —
1069 2110 1118 2181 „Si
1140 2111 1190 2170 dat
1210 2110 1320 2171 vobis“.
1342 2109 1381 2170 id.
1395 2110 1474 2187 Aug.
1502 2108 1566 2167 110

474 2219 502 2276 p.
521 2200 561 2259 30
578 2199 614 2260 Α.
1501 2202 1568 2259 919
1697 2217 1698 2222 ’

335 2306 451 2377 ,,13.
540 2349 557 2378 ,,
646 2306 989 2383 EpiscopoForilivicnsi.
1013 2308 1052 2366 Ut
1067 2306 1158 2366 dictos
1172 2307 1355 2382 potestatam,
1371 2305 1568 2366 consiliumet
1697 2283 1698 2286 Ἴ

322 2405 352 2428 ”
473 2413 595 2455 comune
608 2396 811 2468 tennensium,
833 2395 1049 2474 confringentes
1070 2414 1171 2472 paoem
1193 2413 1261 2455 cum
1282 2394 1438 2456 comitibus
1460 2395 1496 2454 de
1510 2393 1567 2454 La-
1697 2441 1698 2452 2

324 2485 327 2492 '
428 2507 430 2515 ’
473 2485 566 2634 iffa,
582 2486 842 2635 exzorgmunicatos
858 2485 991 2545 declaret.
1009 2520 1054 2531 -
1068 2485 1320 2563 „Signifiearunt“.
1336 2484 1454 2544 Datut
1468 2502 1566 2560 supra.

553 2577 618 2651 p.3
686 2621 692 2636 .
1499 2578 1567 2635 920

325 2679 357 2755 (a
405 2683 468 2762 20·)
537 2682 580 2760 („)
647 2682 824 2754 emeca:
841 2683 868 2742 S.
878 2681 1025 2742 Ambrosii
1034 2681 1257 2741 Mediolanensis
1266 2680 1338 2741 dioc.
1354 2680 1453 2740 abbati
1464 2680 1567 2740 eodem

341 2873 344 2878 Ι
373 2873 374 2878 ¹
471 2771 558 2938 Imogg
574 2790 635 2921 Apro
659 2771 771 2833 civibus
795 2771 986 2848 Papicnsibus
1016 2771 1053 2830 ad
1083 2771 1231 2832 ecclesiam
1260 2770 1459 2831 redeuntibus.
1498 2769 1565 2920 ὲὲῗ

327 2965 357 3062 i„
405 2968 469 3046 20.)
518 2968 602 3118 3(8,,)Α
646 2968 771 3029 Eisdem.
794 2967 904 3028 Eodem
925 2968 1011 3029 modo
1032 2986 1086 3045 pro
1108 2967 1221 3029 civibus
1236 2967 1473 3029 Novaniensibus.
1500 2965 1564 3024 136

471 3077 500 3134 p.
604 3103 610 3118 .
1498 3061 1565 3116 922

328 3160 358 3236 („
405 3165 468 3242 20.)
536 3164 579 3243 (,,)
645 3164 755 3224 Eodem
771 3165 855 3224 modo
871 3166 1014 3241 seriptum
1032 3165 1273 3241 archipresbitero
1288 3162 1497 3225 Mediolanensi
1510 3180 1565 3238 pro

472 3254 584 3314 civibus
600 3254 842 3315 vercellensibus.
869 3254 930 3313 137
947 3274 975 3330 p.
995 3255 1035 3314 38
1051 3254 1087 3314 A.
1236 3279 1238 3282 ·
1342 3285 1344 3290 ·
1408 3264 1411 3270 '
1498 3257 1565 3312 993

335 3403 352 3432 ,,
400 3361 449 3420 23.
541 3405 558 3434 ,,
648 3361 759 3422 Simoni
780 3345 826 3422 tit
843 3361 945 3421 Oecilia
966 3362 1137 3438 presbytero
1160 3361 1297 3421 cardinali
1319 3363 1410 3437 apost.
1431 3361 1506 3420 sedis
1520 3360 1565 3420 le·

473 3452 549 3528 gato.
566 3452 605 3510 Ut
614 3451 754 3527 capellani
765 3469 847 3527 pape,
857 3451 986 3510 canonici
994 3450 1202 3522 laudunensis,
1218 3451 1375 3523 temeritas,
1391 3470 1450 3527 qua
1464 3468 1565 3529 regem

472 3540 741 3705 {iassffiggffgndst'
756 3542 907 3617 puniatur.
923 3572 965 3584 -
982 3541 1096 3617 „Super
1117 3539 1337 3601 amaritudine“.
1361 3540 1394 3599 X.
1412 3541 1469 3600 kal
1486 3541 1565 3690 Sgpgrti

554 3676 560 3690 .
662 3671 688 3714 1.

329 3733 359 3809 („
406 3736 469 3812 23.)
538 3721 601 3814 (,,)’
648 3735 1565 3815 Eidem.Utinpartibussuelegationistorneamentausquead

473 3826 590 3900 tempus
598 3825 741 3904 generalis
748 3827 874 3903 passagii
880 3826 1164 3902 prohibeat-„lta
1171 3825 1282 3886 nobis“.
1294 3826 1333 3885 78
1342 3845 1371 3902 p.
1380 3825 1483 3911 84ss
1498 3827 1564 3887 aab

332 3992 353 4021 „
400 3949 450 4010 28.
541 3994 557 4022 „
646 3949 774 4010 dohanni
794 3950 886 4028 Regio
908 3952 1028 4023 vicario,
1054 3951 1182 4011 (luidoni
1202 3952 1351 4027 capitaneo
1373 3953 1403 4009 et
1417 3950 1565 4010 communi

472 4039 574 4099 Massa.
598 4039 720 4111 (laudet,
737 4040 816 4116 quod
830 4058 931 4116 pacem
945 4041 1019 4100 inire
1034 4041 1128 4101 velint
1142 4040 1219 4100 inter
1235 4059 1264 4100 sa
1272 4083 1280 4112 ,
1304 4059 1409 4116 nempe
1424 4042 1502 4100 inter
1516 4041 1562 4098 in-

474 4129 614 4190 tm'nsceoe
629 4131 660 4190 et
674 4129 848 4189 extrinsecos
864 4130 1004 4202 civitatis,
1020 4149 1073 4208 pro
1089 4149 1147 4206 qua
1161 4147 1231 4206 pace
1246 4129 1419 4189 stabilienda
1433 4129 1564 4188 mittitur

472 4219 588 4296 lagatus
610 4220 761 4296 episcopus
784 4218 931 4280 Ostiensis.
954 4253 998 4263 -
1020 4219 1112 4291 „Quia
1132 4220 1238 4296 pacis.“
1261 4220 1295 4281 V.
1317 4219 1374 4280 kal.
1396 4218 1474 4294 Sept.
1499 4218 1561 4276 129

335 4475 352 4506 „
401 4432 451 4494 31.
541 4471 572 4505 „,
647 4433 789 4510 Ilpiscopo
798 4434 926 4495 Senensi.
949 4434 989 4512 Ut
1002 4451 1103 4509 pacem
1118 4436 1201 4495 curet
1214 4435 1292 4494 inter
1301 4434 1440 4494 senenses
1455 4434 1562 4492 intrin-

473 4539 550 4583 secos
566 4526 596 4583 et
610 4525 798 4595 extrinsecos,
822 4524 858 4582 ed
874 4542 962 4600 quam
976 4523 1172 4602 peragendam
1187 4524 1244 4602 ipsi
1258 4523 1477 4584 ambassiatores
1492 4523 1561 4589 mit·
