3464 5280
300 559 364 632 150

247 741 250 750 '
296 727 455 808 mandato,
472 727 642 813 apostolico
665 748 698 792 se
714 727 895 811 conspectui
917 728 1123 810 representet,
1146 747 1353 810 responsurus
1368 747 1462 810 super
1476 747 1550 811 pre-

297 817 389 882 dictis
413 817 589 882 excessibus
605 818 638 896 et
653 816 769 881 nostris
786 839 821 880 ac
839 815 980 900 ejusdem
1004 815 1132 880 ecclesie
1155 815 1361 899 beneplacitis
1383 815 1551 900 pariturus.

298 905 450 990 Alioquin
473 909 584 972 contra
607 927 680 970 eum
704 907 828 986 extunc,
851 905 949 990 ipsius
972 903 1116 970 absentia
1139 927 1205 969 non
1229 905 1390 981 obstante,
1414 904 1551 990 gravius,

295 997 391 1081 prout
405 995 550 1060 suadebit
566 995 692 1078 justitia
716 996 748 1058 et
772 995 919 1079 expedire
943 993 1123 1065 viderimus,
1145 993 1359 1078 procedemus.
1383 994 1429 1059 Ut
1444 994 1551 1058 autem

295 1083 477 1168 hujusmodi
500 1086 609 1148 noster
631 1105 793 1168 processus
816 1083 855 1148 ad
879 1105 1079 1148 communem
1102 1083 1246 1147 omnium
1274 1083 1422 1147 notitiam
1452 1081 1551 1148 dedu·

296 1175 400 1250 catur,
430 1173 530 1238 cartas
561 1173 628 1238 sive
657 1172 875 1249 membranas,
905 1193 1085 1257 processum
1115 1172 1318 1237 continentes
1348 1171 1492 1248 eundem,
1515 1171 1551 1234 in

294 1261 419 1348 prefate
442 1262 571 1346 majoris
595 1262 722 1326 ecclesie
746 1262 956 1328 Viterbiensis
986 1261 1125 1346 appendi
1154 1261 1206 1325 vel
1235 1261 1326 1346 affigi
1348 1259 1460 1324 hostiis
1486 1259 1552 1324 sive

295 1351 588 1436 superliminaribus
611 1351 776 1428 faciemus,
808 1373 868 1436 que
897 1371 1078 1436 processum
1106 1351 1209 1434 ipsum
1239 1372 1295 1416 sno
1325 1350 1415 1434 quasi
1437 1370 1552 1414 sonoro

296 1439 447 1526 preconio
471 1443 504 1505 et
526 1440 636 1525 patulo
658 1440 775 1505 indicio
805 1438 1021 1524 publicabunt.
1051 1439 1102 1504 Ita
1131 1439 1214 1524 quod
1244 1437 1329 1503 idem
1354 1437 1552 1504 Conradinus

296 1531 330 1594 et
352 1529 415 1608 alii,
440 1552 517 1615 quos
540 1551 701 1615 processus
724 1531 792 1614 ipse
808 1529 978 1614 contingit,
1001 1529 1123 1593 nullam
1145 1530 1255 1613 postea
1276 1528 1400 1612 possint
1424 1547 1557 1592 excusa·

294 1619 418 1684 tionem
440 1617 646 1704 pretendere,
671 1619 754 1703 quod
769 1619 808 1682 ad
833 1640 884 1683 eos
908 1617 980 1683 talis
1007 1639 1169 1702 processus
1199 1639 1265 1682 non
1295 1615 1479 1702 pervenerit
1501 1614 1553 1680 vel

296 1707 379 1793 quod
401 1708 587 1794 ignorarint
609 1708 760 1784 eundem,
790 1729 862 1772 cnm
892 1729 959 1772 non
989 1707 1032 1771 sit
1053 1707 1225 1772 verisimile
1249 1727 1415 1771 remanere
1449 1705 1553 1789 quoad

294 1797 379 1882 ipsos
402 1797 604 1883 incognitum
627 1797 678 1861 vel
702 1797 875 1874 occultum,
907 1795 990 1881 quod
1013 1796 1081 1860 tam
1102 1797 1253 1880 patenter
1276 1794 1423 1860 omnibus
1446 1793 1552 1879 publi·

294 1888 392 1952 catur.
410 1885 525 1952 Actum
535 1885 672 1954 Viterbii
679 1886 715 1950 in
727 1885 901 1951 cathedrali
914 1885 1051 1964 ecclesia,
1061 1885 1179 1951 XVIII.
1189 1885 1251 1950 kal.
1261 1883 1340 1968 Maji
1349 1905 1435 1950 anno
1444 1882 1554 1948 tertio.

328 2181 329 2186 ¹
386 2153 527 2221 marm
542 2155 605 2222 IV.
623 2153 844 2220 Ooarcdinom
859 2163 888 2219 ct
901 2047 980 2241 lellus
986 2155 1145 2237 scalores.
1162 2155 1280 2219 limam
1295 2156 1555 2219 cnccmmwnicct.

293 2263 333 2347 cs.
353 2261 412 2328 Nr.
432 2262 508 2327 591.
540 2262 712 2329 vamme
732 2263 782 2328 dn
804 2261 1037 2328 cardamate
1057 2261 1217 2342 majore
1238 2261 1423 2344 coeleste,
1446 2257 1555 2328 1267

293 2371 398 2439 Nou.
420 2369 485 2436 13.

385 2509 435 2574 Ad
457 2509 607 2574 notitiam
629 2510 826 2594 presentium
850 2511 883 2574 et
905 2508 1091 2573 memoriam
1113 2508 1302 2572 futurorum.
1327 2507 1408 2589 Quia
1430 2504 1551 2574 Conra-

294 2599 403 2676 dinus,
426 2601 534 2684 'nepos
563 2598 640 2663 olim
662 2597 827 2677 liiderici,
852 2597 1012 2682 quondam
1034 2597 1250 2662 Romanorum
1273 2597 1489 2682 imperatoris,
1513 2597 1555 2662 ad

294 2687 506 2754 obtinendum
528 2686 698 2772 imperium
720 2691 851 2753 conatus
881 2709 936 2752 sue
965 2688 1206 2771 presumptuose
1229 2686 1414 2751 ambitionis
1438 2689 1553 2751 exten·

294 2777 374 2842 dens
396 2776 520 2862 sibique
543 2777 782 2862 presumptione
810 2777 979 2842 temeraria
1001 2773 1105 2843 Sicilie
1133 2797 1273 2860 regnum
1301 2775 1487 2852 intitulans,
1519 2797 1553 2841 se

293 2877 406 2951 regem
428 2867 524 2952 regni
547 2865 776 2931 denominabat
798 2865 940 2949 ejusdem
964 2865 996 2928 et
1011 2885 1082 2928 cunr
1098 2862 1254 2948 aliquibus
1268 2864 1407 2929 inimicis
1422 2864 1552 2930 ecclesie

294 2953 488 3034 Lombardis,
511 2953 625 3032 Tuscis,
642 2953 832 3020 Marchianis
856 2957 889 3018 et
910 2953 1020 3038 Apulis
1043 2953 1082 3018 de
1105 2974 1209 3038 regno
1231 2952 1373 3037 predicto
1396 2953 1550 3039 profugis,

294 3065 328 3109 se
351 3043 564 3108 fraudulentis
586 3043 781 3118 commerciis
803 3044 970 3130 implicans
993 3063 1029 3106 ac
1049 3043 1085 3106 in
1102 3041 1197 3119 Urbe,
1221 3041 1418 3119 Lombardia,
1440 3043 1552 3107 Tuscia

295 3135 328 3198 et
341 3131 408 3218 ¹per
430 3133 492 3197 alia
513 3133 581 3197 loca
603 3132 727 3198 diversa
741 3133 872 3210 litteras,
896 3132 954 3196 sub
977 3131 1026 3195 sui
1048 3131 1249 3216 expressione
1272 3131 1412 3196 nominis
1429 3132 1461 3194 et
1498 3153 1550 3196 re·

293 3221 390 3287 missa
411 3221 640 3298 intitulatione,
656 3223 782 3306 typario
799 3221 888 3306 regie
904 3220 1080 3304 majestatis
1093 3221 1270 3304 impressas,
1293 3221 1374 3286 sicut
1389 3241 1448 3284 nos
1465 3154 1549 3285 don-

293 3310 400 3377 radini
423 3309 565 3396 ejusdem
587 3310 768 3375 litterarum
790 3309 945 3394 inspectio
968 3308 1030 3372 fide
1053 3308 1159 3373 docuit
1182 3309 1312 3386 oculata,
1330 3309 1549 3386 disseminans,

293 3399 422 3465 turbare
444 3421 555 3486 pacem
578 3401 706 3465 ecclesie
723 3401 756 3463 et
770 3416 967 3464 commovere
985 3398 1137 3481 populum
1160 3397 1323 3462 nitebatur
1345 3399 1380 3463 in
1396 3400 1550 3476 nostrum,

294 3489 422 3554 ecclesie
444 3488 543 3574 ipsius
566 3492 600 3555 et
622 3489 773 3554 carissimi
794 3489 830 3552 in
855 3487 980 3555 Christo
1002 3486 1061 3551 filii
1083 3487 1193 3565 nostri,
1219 3483 1322 3552 Caroli
1337 3485 1441 3551 Sicilie
1465 3488 1551 3572 regis

294 3578 433 3656 illustris,
456 3577 665 3663 prejudicium
690 3580 723 3642 et
746 3577 928 3654 discrimen,
960 3597 1018 3640 nos
1047 3596 1175 3640 suorum
1204 3595 1425 3660 perversorum
1454 3597 1552 3640 cona-

293 3668 386 3730 tuum
407 3667 510 3731 initiis
533 3669 747 3743 occurrentes,
777 3667 813 3731 in
842 3667 925 3731 festo
955 3664 1163 3729 dedicationis
1184 3663 1313 3728 basilice
1336 3665 1552 3749 apostolorum

294 3755 384 3820 Petri
407 3757 442 3820 et
463 3755 561 3834 Pauli,
584 3757 787 3841 pontificatus
810 3755 911 3821 nostri
934 3775 1019 3818 anno
1042 3753 1194 3830 secundo,
1217 3753 1253 3817 in
1282 3753 1341 3818 hac
1363 3753 1477 3839 majori
1500 3775 1552 3818 co·
1583 3809 1588 3832 ,

294 3843 389 3909 clesia
410 3844 620 3923 Viterbiensi,
651 3847 800 3930 presente
830 3847 907 3908 turio
936 3842 1141 3908 multitudine
1171 3841 1296 3926 copiosa
1324 3841 1483 3920 fidelium,
1512 3842 1552 3907 de

292 3933 430 3998 fratrum
458 3935 640 3999 nostrorum
663 3933 801 4010 consilio,
832 3933 935 3998 eidem
964 3930 1144 3997 Conradino
1174 3931 1315 3995 districte
1344 3932 1552 4017 precepimus,

294 4024 331 4086 ut
353 4022 554 4108 apremissis
577 4023 705 4105 penitus
728 4022 918 4100 abstineret,
943 4019 1113 4085 districtius
1135 4019 1346 4100 inhibuimus,
1370 4042 1412 4085 ne
1435 4020 1553 4086 similia

294 4109 427 4177 ulterius
448 4113 646 4198 presumeret
667 4114 723 4177 cut
746 4110 982 4196 quomodolibet
1005 4110 1184 4193 usurparet,
1215 4109 1350 4174 solerter
1372 4109 1552 4186 adver-tene,

295 4201 414 4285 quante
429 4201 502 4265 sir
515 4201 706 4266 temeritatis
736 4202 918 4285 quantaque
948 4197 1108 4274 coertione
1139 4198 1272 4279 dignum
1294 4198 1404 4284 legum
1429 4198 1552 4264 sanctio

294 4291 431 4367 censeat,
454 4289 534 4355 falso
557 4290 676 4354 nedum
698 4289 824 4375 regium
847 4301 966 4354 nornen
976 4300 1162 4364 assumere,
1176 4299 1178 4306 ’
1193 4286 1248 4350 sed
1279 4287 1377 4351 etiam
1399 4287 1552 4373 simplicis

294 4377 510 4464 magdstratus.
532 4380 575 4444 llt
596 4381 789 4464 potestatem
813 4378 941 4443 ecclesie
964 4376 1139 4462 diligenter
1168 4375 1355 4454 attendens,
1386 4398 1447 4461 que
1471 4378 1553 4442 sicut

292 4467 433 4532 eundern
448 4466 650 4546 Fridericum,
674 4483 768 4532 evum
786 4483 886 4545 suum,
902 4467 993 4552 'justo
1011 4464 1131 4550 judicio
1153 4463 1287 4529 nudavit
1309 4465 1453 4551 imperio,
1475 4481 1551 4551 pre-

200 4623 203 4630 ,
294 4559 381 4629 dioto
399 4571 504 4642 regno
526 4553 639 4638 Sicilie,
662 4557 779 4622 ducatu
804 4555 919 4642 Apulia
942 4553 1179 4639 etpriucipatu
1202 4551 1317 4640 Capua,
1340 4553 1442 4619 sicet
1465 4576 1547 4634 eum,
