3404 5280
297 493 327 564 Χ

386 677 415 740 5.
439 673 581 760 Registri
609 677 715 738 tomus
745 674 787 740 ΙΙ.
817 696 936 759 parvus
965 675 1001 740 in
1024 675 1071 754 4⁰,
1102 697 1207 740 annus
1230 675 1263 754 1,
1294 676 1350 759 qui
1371 675 1487 761 incipit
1509 677 1550 742 ab

291 822 383 872 ,anno
409 800 504 864 1281.
536 797 689 864 Continet
710 798 833 864 litteras
857 798 898 864 ad
921 819 1033 864 omnes
1056 821 1159 865 annos
1183 803 1375 885 spectantes,
1400 799 1466 888 (B.)

665 1011 720 1084 ra
743 973 923 1085 lanian
945 1010 985 1084 a.
1007 1010 1185 1085 rao-ae.

308 1304 312 1312 .
389 1212 416 1274 1.
439 1208 581 1294 Rogistri
596 1210 702 1272 tomus
716 1209 750 1285 Ι.,
766 1230 870 1273 annus
880 1209 913 1287 1,
929 1208 984 1292 qui
1000 1208 1115 1292 incipit
1131 1231 1218 1273 anno
1235 1208 1356 1274 domini
1376 1211 1471 1278 1285.
1481 1211 1546 1299 (A.)

386 1336 415 1399 2.
439 1333 590 1416 Ejusdem
612 1332 743 1418 registri
766 1334 871 1396 tomus
893 1333 927 1410 1,
956 1354 1060 1397 annus
1084 1332 1133 1410 II,
1162 1334 1217 1416 qui
1246 1333 1361 1418 incipit
1390 1335 1431 1400 ab
1461 1359 1547 1403 anno

297 1457 422 1523 domini
435 1458 528 1522 1286.
539 1456 624 1546 (A2.)
650 1456 803 1521 Continet
819 1459 916 1522 etiam
933 1456 1057 1521 litteras
1068 1456 1200 1521 curiales
1212 1457 1353 1540 ejusdem
1363 1461 1450 1524 enni.
1461 1460 1545 1550 (A3.)

384 1706 506 1786 Restat,
528 1707 566 1769 ut
589 1705 634 1769 eis
658 1705 780 1789 gratias
804 1726 899 1791 agam
929 1704 1096 1783 maximas,
1127 1705 1182 1789 qui
1211 1705 1271 1770 hae
1297 1707 1332 1771 in
1356 1729 1454 1792 opera
1477 1713 1544 1774 tam

296 1831 429 1896 comiter
453 1852 503 1894 me
532 1829 737 1913 adjuverunt,
761 1830 888 1915 Vorcak
913 1832 945 1893 et
967 1829 1069 1907 boiae,
1093 1851 1142 1893 vv.
1167 1852 1225 1906 oo,
1256 1830 1445 1896 bibliothece
1469 1834 1544 1898 Val-

296 1954 454 2020 licelliane
479 1953 685 2033 antistitibus,
702 1976 738 2018 ao
760 1952 951 2018 Seidemann
973 1953 1147 2018 Dresdensi
1169 1954 1344 2038 Ehlersque
1365 1954 1545 2036 Quelferbi-

295 2081 382 2157 tane,
400 2079 463 2163 qui,
481 2101 543 2162 qua
559 2080 636 2142 sunt
651 2098 730 2163 erga
745 2100 796 2141 me
812 2078 960 2157 amicitia,
970 2080 1181 2143 correctorem
1196 2101 1262 2144 non
1279 2078 1546 2146 detrectaverunt.

387 2327 559 2404 Dresde,
584 2349 694 2392 mense
720 2327 824 2411 Aprili
851 2328 943 2392 1878.

1097 2586 1230 2642 ΟΤΤΟ
1254 2587 1421 2643 Possm.
