3404 5280
299 511 342 573 64
744 512 969 560 assecutus
988 513 1017 558 ιι.
1041 513 1116 560 ιιιι.

301 672 394 732 1274.

292 797 430 876 Aug.17.
454 798 644 876 Lugduni.
668 798 778 857 Simoni
802 798 847 856 tit.
875 817 897 857 s.
922 797 1024 856 Uecilio
1048 797 1204 868 cardinali,
1230 798 1321 873 apost
1347 797 1422 856 sedis
1447 799 1553 874 legato.

455 887 576 947 Diversa
597 887 753 965 privilegia
775 886 989 964 predicantium
1010 887 1135 946 verbum
1156 887 1250 946 crucis
1271 888 1302 945 et
1325 903 1409 946 cruce
1433 886 1553 965 signan-

455 977 567 1037 dorum.
599 1009 643 1020 —
673 979 771 1050 „Cum
802 976 1027 1052 predicationem
1052 976 1179 1036 mucu‘t
1210 975 1287 1037 XVI.
1317 975 1375 1036 kal.
1401 976 1479 1052 Sept.
1511 976 1553 1034 20

456 1086 484 1142 p.
504 1066 567 1126 184
583 1067 635 1152 As.
1488 1069 1553 1126 ⁷95

316 1218 333 1248 „
382 1174 431 1234 27.
523 1217 540 1246 ,,
630 1173 773 1249 Episcopo
784 1173 933 1233 Militensi.
955 1173 1129 1233 Absolvitur
1144 1193 1160 1231 a
1176 1173 1373 1248 suspensione,
1391 1173 1444 1248 qui
1459 1191 1553 1249 quon-

454 1264 521 1322 dam
535 1262 683 1322 Manfredo
698 1263 824 1334 faverat,
841 1263 910 1321 licet
924 1263 957 1322 in
972 1263 1155 1322 coronatione
1172 1262 1237 1338 ejus
1252 1281 1312 1321 non
1327 1263 1554 1339 participaverit.

453 1388 498 1398 —
513 1353 655 1425 „Illorum
671 1353 782 1427 nrlpa“.
798 1353 847 1412 VI.
863 1352 921 1411 kal.
937 1351 1015 1427 Sept.
1035 1354 1076 1411 20
1092 1372 1120 1428 p.
1140 1352 1203 1410 134
1219 1352 1271 1436 45.
1488 1357 1554 1412 798

317 1504 333 1534 ,,
381 1461 432 1522 28.
522 1504 539 1534 ,,
629 1459 757 1518 iohanni
772 1459 884 1518 Nolano
900 1459 1041 1536 episcopo.
1066 1459 1238 1518 Absolvitur
1252 1478 1270 1516 a
1285 1459 1483 1534 suspensione,
1500 1459 1553 1535 qui

453 1549 646 1723 ἰοιῖιέιιὸιὺζιιὶ
655 1548 797 1607 Mamfredi
806 1549 942 1609 Panormi
955 1548 1101 1609 interfuit.
1111 1581 1155 1591 -
1165 1549 1294 1622 „Illius“.
1305 1549 1338 1608 V.
1349 1549 1406 1608 kal.
1418 1548 1551 1699 Septssg

256 1737 258 1743 ’
318 1793 337 1823 ,,
373 1748 434 1810 28.
526 1790 542 1820 ,,
633 1746 672 1806 Μ.
695 1745 827 1822 episcopo
850 1745 1021 1806 Ydrontino.
1050 1745 1222 1808 Absolvitur
1246 1767 1264 1804 a
1285 1745 1482 1821 suspensione.
1514 1746 1555 1803 Ut

455 1856 552 1913 supra.
571 1836 610 1894 27
628 1856 656 1912 p.
676 1836 738 1894 136
753 1835 807 1920 45.
1488 1840 1553 1896 798

317 1990 333 2020 ,,
382 1945 434 2005 28.
524 1986 540 2015 ,,
631 1942 788 2019 Capuferro
801 1943 892 2001 electo
908 1915 1121 2002 Beneventano.
1137 1941 1309 2001 Absolvitur
1324 1962 1341 2001 a
1356 1943 1552 2018 suspensione.

456 2035 495 2092 Ut
512 2051 600 2109 supra
616 2033 657 2091 33
674 2052 702 2108 p.
723 2033 784 2090 138
801 2032 854 2116 45.
871 2031 905 2090 of.
922 2032 973 2090 Nr.
993 2031 1066 2092 796.
1487 2037 1553 2093 798

317 2186 333 2217 ,,
381 2142 432 2202 31.
523 2183 539 2212 ,,
630 2140 810 2198 Cluniacensi
830 2140 883 2198 eto.
907 2139 1070 2198 abbatibus.
1096 2139 1295 2197 Committitur
1309 2138 1463 2214 inquisitio
1478 2140 1553 2199 circa

453 2231 625 2307 Hugonem,
640 2228 775 2288 abbatem
790 2229 958 2288 monasterii
974 2228 1153 2304 Corbejensis
1168 2228 1228 2286 ord.
1245 2247 1266 2287 s.
1283 2229 1433 2288 Benedicti
1448 2228 1552 2308 nimbi-

453 2319 568 2379 anensis
584 2318 655 2378 dioc.
671 2353 715 2361 —
731 2319 852 2391 „clima
876 2320 914 2377 11.
930 2319 988 2378 kal.
1005 2319 1084 2394 Sept.
1101 2318 1142 2376 48
1159 2336 1188 2393 p.
1209 2319 1269 2377 149
1287 2319 1340 2402 A5.
1486 2325 1553 2379 800

293 2444 373 2522 Sept.
407 2445 434 2505 1.
524 2486 540 2517 ,,
631 2443 740 2502 Simoni
749 2444 795 2502 tit.
807 2463 829 2504 a.
840 2442 941 2502 Cecilie
951 2443 1098 2514 cardinali,
1115 2444 1207 2518 apost.
1223 2444 1298 2502 sedis
1314 2445 1419 2521 legato.
1438 2443 1552 2502 Laudat

453 2533 583 2609 Philippi
598 2533 677 2609 regis
691 2533 869 2593 mancorum
883 2534 1082 2609 propositum,
1105 2533 1157 2607 qui
1173 2532 1333 2609 depositam
1349 2533 1419 2596 olim
1436 2551 1551 2592 crucem

454 2642 508 2700 pro
523 2624 600 2681 terre
615 2625 712 2681 sancte
722 2622 850 2682 subsidio
859 2642 1006 2682 resumere
1016 2621 1199 2698 disposuerit,
1216 2623 1264 2681 oui
1274 2622 1398 2682 decimas
1409 2623 1551 2700 assignari

453 2712 582 2772 mandat.
598 2745 641 2756 -
657 2713 812 2783 „Recens,“
827 2713 884 2772 kal.
901 2713 979 2789 Sept.
998 2714 1037 2771 21
1055 2730 1084 2787 p.
1103 2713 1164 2770 184
1180 2712 1232 2796 As.
1270 2757 1273 2767 .
1485 2717 1548 2772 801

309 2821 340 2898 (,,
412 2821 451 2898 l.)
514 2819 557 2896 (,,)
633 2819 743 2879 Eidem.
768 2821 806 2878 Ut
821 2819 1037 2896 indulgentiam
1059 2817 1195 2878 concedat
1218 2797 1405 2879 addientibus
1420 2819 1549 2896 predica·

454 2910 565 2969 tionem
580 2910 682 2968 crucis.
708 2910 747 2967 25
765 2929 793 2985 p.
814 2910 875 2968 186
891 2909 944 2993 Aa.
1161 2955 1164 2960 ,
1484 2914 1549 2969 302

315 3062 333 3092 ,‚
403 3019 430 3078 3.
521 3060 537 3089 „
627 3018 815 3076 Benevenuto
831 3017 964 3092 episcopo
975 3016 1122 3093 Gzajetano.
1146 3015 1550 3092 Absolviturasuspensione,

454 3107 507 3182 qui
522 3107 664 3167 Mamfredi
683 3107 861 3165 coronationi
876 3106 1018 3164 interfuit.
1037 3141 1077 3149 -
1095 3106 1219 3178 „Potitio
1234 3108 1313 3165 tua“.
1329 3107 1382 3165 111.
1392 3125 1461 3167 non.
1472 3106 1549 3182 Sept.

457 3198 498 3256 40
515 3215 543 3272 p.
563 3197 624 3255 143
642 3196 694 3278 45.
1485 3202 1550 3257 808

317 3349 334 3378 ,,
403 3302 433 3364 4.
523 3347 540 3376 ‚,
630 3303 770 3379 Episcopo
778 3302 958 3362 Dertusensi.
969 3301 1169 3361 Committitur
1177 3303 1378 3379 ejuscustodie
1388 3304 1505 3364 ecclesia
1514 3304 1550 3362 de

454 3392 576 3471 Segorb,
593 3412 646 3468 pro
662 3411 721 3468 qua
737 3392 833 3469 gravis
856 3393 952 3451 suerat
974 3392 1114 3451 discordia
1138 3393 1275 3451 suscitata
1289 3393 1367 3452 inter
1381 3394 1550 3470 episcopum

454 3483 644 3543 Valentinum
659 3484 690 3540 et
704 3483 872 3557 episcopum
890 3500 912 3541 s.
929 3482 1019 3540 Marie
1035 3481 1070 3540 de
1084 3482 1275 3553 Albaraxin03
1291 3483 1355 3542 ideo
1371 3483 1549 3561 arsgeAra·

455 3591 567 3650 gonum
576 3572 613 3630 ad
622 3589 726 3631 manus
736 3589 803 3630 suas
812 3573 935 3646 recepta,
946 3590 1014 3629 cum
1023 3571 1170 3630 accederet
1178 3571 1215 3629 ad
1227 3572 1388 3642 concilium,
1405 3573 1437 3632 in
1446 3589 1551 3630 manus

455 3681 529 3738 pape
544 3661 602 3721 fuit
617 3661 732 3721 tradita.
748 3695 791 3705 —
809 3661 994 3736 „Exposuit“.
1009 3662 1047 3720 II.
1063 3680 1130 3720 non.
1147 3661 1226 3737 Sept.
1243 3662 1283 3720 49
1300 3680 1328 3737 p.
1343 3662 1404 3720 150
1414 3662 1467 3745 45.
1484 3666 1551 3721 804

311 3769 342 3843 (,,
414 3768 456 3845 4.)
517 3768 560 3844 (,,)
635 3768 894 3846 RegiAragonum.
911 3768 1070 3845 Significat,
1086 3768 1164 3843 quod
1180 3767 1248 3827 fecit
1262 3769 1337 3827 circa
1350 3768 1499 3828 ecclesiam
1513 3768 1551 3828 de

455 3857 572 3934 Segorb.
593 3859 633 3916 50
649 3877 677 3933 p.
698 3857 759 3915 150
776 3859 828 3941 A5.
1484 3862 1550 3918 805

309 3982 339 4056 (a
388 3984 451 4060 20.)
513 3980 556 4058 (,‚)
630 3980 854 4057 Archicpiscopo
866 3981 1074 4041 Ebredunensi.
1091 3983 1163 4041 Cum
1172 3982 1350 4059 approbante
1366 4000 1444 4042 sacro
1460 4000 1551 4060 gene-

453 4069 509 4130 rali
518 4070 638 4130 concilio
647 4070 838 4148 Lugdunensi
848 4070 988 4129 decimam
1003 4071 1135 4130 omnium
1151 4072 1409 4132 ecclesiasticorum
1423 4089 1550 4148 proven·

454 4164 542 4220 tuum
556 4160 593 4219 ad
608 4163 686 4220 terre
708 4161 804 4219 sancte
827 4160 990 4219 subsidium
1012 4179 1065 4235 per
1086 4180 1134 4220 sex
1157 4180 1248 4220 annos
1268 4181 1284 4220 a
1299 4161 1373 4220 festo
1387 4160 1551 4222 nativitatis

453 4250 482 4310 b.
492 4249 779 4326 dohanmsbeptiste,
796 4249 955 4324 quodtunc
964 4250 1075 4308 instans
1084 4251 1264 4324 concesserit,
1279 4250 1405 4322 mandat,
1422 4251 1458 4310 ut
1472 4250 1551 4310 viros

454 4339 572 4400 idoneos
595 4340 703 4398 decime
726 4339 893 4398 collectores
915 4339 947 4396 in
970 4339 1103 4413 partibus
1118 4341 1290 4400 Alemannis
1313 4340 1418 4418 eligat,
1441 4339 1494 4415 qui
1518 4339 1552 4398 in

454 4428 546 4488 somna
560 4429 744 4505 infrascripta
756 4429 960 4504 juramentum
974 4431 1113 4502 prestent.
1123 4463 1167 4474 —
1176 4431 1309 4503 „Quanto
1324 4429 1550 4488 existimamus“.
1672 4435 1675 4444 ’

455 4518 483 4578 C.
501 4517 541 4576 49
565 4512 711 4577 fol.115b
733 4516 767 4576 of.
791 4518 822 4576 P.
841 4518 966 4591 20,925.
1035 4519 1071 4578 In
1090 4539 1113 4578 a.
1138 4542 1175 4580 m.
1200 4519 1232 4578 0.
1257 4520 1347 4578 electo
1364 4517 1551 4592 virdunensi,
