<?xml version="1.0" encoding="UTF-8"?>
<!DOCTYPE html PUBLIC "-//W3C//DTD XHTML 1.0 Transitional//EN"
    "http://www.w3.org/TR/xhtml1/DTD/xhtml1-transitional.dtd">
<html xmlns="http://www.w3.org/1999/xhtml" xml:lang="en" lang="en">
 <head>
  <title>
</title>
<meta http-equiv="Content-Type" content="text/html;charset=utf-8" />
  <meta name='ocr-system' content='tesseract 3.04.00' />
  <meta name='ocr-capabilities' content='ocr_page ocr_carea ocr_par ocr_line ocrx_word'/>
</head>
<body>
  <div class='ocr_page' id='page_1' title='image "analectavatican00possgoog_0153.png"; bbox 0 0 3464 5280; ppageno 0'>
   <div class='ocr_carea' id='block_1_1' title="bbox 336 440 398 503">
    <p class='ocr_par' dir='ltr' id='par_1_1' title="bbox 336 440 398 503">
     <span class='ocr_line' id='line_1_1' title="bbox 336 440 398 503; baseline 0 -1"><span class='ocrx_word' id='word_1_1' title='bbox 336 440 398 503; x_wconf 79' lang='lat'><strong>132</strong></span> 
     </span>
    </p>
   </div>
   <div class='ocr_carea' id='block_1_2' title="bbox 328 596 1587 1840">
    <p class='ocr_par' dir='ltr' id='par_1_2' title="bbox 328 596 1587 1840">
     <span class='ocr_line' id='line_1_2' title="bbox 332 596 1585 683; baseline 0 -21"><span class='ocrx_word' id='word_1_2' title='bbox 332 599 527 683; x_wconf 90' lang='lat' dir='ltr'><strong>buscumque</strong></span> <span class='ocrx_word' id='word_1_3' title='bbox 550 618 708 662; x_wconf 87' lang='lat' dir='ltr'><strong>concessa.</strong></span> <span class='ocrx_word' id='word_1_4' title='bbox 753 597 890 683; x_wconf 85' lang='lat' dir='ltr'><strong>Insuper</strong></span> <span class='ocrx_word' id='word_1_5' title='bbox 913 597 1011 662; x_wconf 89' lang='lat' dir='ltr'><strong>etiam</strong></span> <span class='ocrx_word' id='word_1_6' title='bbox 1035 619 1158 662; x_wconf 90' lang='lat' dir='ltr'><strong>merum</strong></span> <span class='ocrx_word' id='word_1_7' title='bbox 1188 598 1221 662; x_wconf 87' lang='lat' dir='ltr'><strong>et</strong></span> <span class='ocrx_word' id='word_1_8' title='bbox 1248 596 1384 662; x_wconf 85' lang='lat' dir='ltr'><strong>mixtum</strong></span> <span class='ocrx_word' id='word_1_9' title='bbox 1406 596 1585 682; x_wconf 88' lang='lat' dir='ltr'><strong>imperium,</strong></span> 
     </span>
     <span class='ocr_line' id='line_1_3' title="bbox 328 685 1585 772; baseline -0.001 -20"><span class='ocrx_word' id='word_1_10' title='bbox 328 687 586 771; x_wconf 90' lang='lat' dir='ltr'><strong>jurisdictionem</strong></span> <span class='ocrx_word' id='word_1_11' title='bbox 610 685 834 765; x_wconf 80' lang='lat' dir='ltr'><strong>omnimodam,</strong></span> <span class='ocrx_word' id='word_1_12' title='bbox 858 685 1018 772; x_wconf 87' lang='lat' dir='ltr'><strong>adempra,</strong></span> <span class='ocrx_word' id='word_1_13' title='bbox 1042 686 1174 772; x_wconf 79' lang='lat' dir='ltr'><strong>quietas,</strong></span> <span class='ocrx_word' id='word_1_14' title='bbox 1197 686 1305 751; x_wconf 79' lang='lat' dir='ltr'><strong>tallias</strong></span> <span class='ocrx_word' id='word_1_15' title='bbox 1327 687 1381 751; x_wconf 85' lang='lat' dir='ltr'><strong>rel</strong></span> <span class='ocrx_word' id='word_1_16' title='bbox 1403 686 1585 752; x_wconf 75' lang='lat' dir='ltr'><strong>exactiones</strong></span> 
     </span>
     <span class='ocr_line' id='line_1_4' title="bbox 332 775 1586 860; baseline -0.001 -19"><span class='ocrx_word' id='word_1_17' title='bbox 332 779 516 854; x_wconf 91' lang='lat' dir='ltr'><strong>consuetas,</strong></span> <span class='ocrx_word' id='word_1_18' title='bbox 547 797 609 860; x_wconf 90' lang='lat' dir='ltr'><strong>que</strong></span> <span class='ocrx_word' id='word_1_19' title='bbox 632 775 764 860; x_wconf 89' lang='lat' dir='ltr'><strong>dejure</strong></span> <span class='ocrx_word' id='word_1_20' title='bbox 794 776 865 840; x_wconf 91' lang='lat' dir='ltr'><strong>fieri</strong></span> <span class='ocrx_word' id='word_1_21' title='bbox 891 778 1025 860; x_wconf 91' lang='lat' dir='ltr'><strong>possent</strong></span> <span class='ocrx_word' id='word_1_22' title='bbox 1047 776 1083 840; x_wconf 93' lang='lat' dir='ltr'><strong>in</strong></span> <span class='ocrx_word' id='word_1_23' title='bbox 1107 775 1228 840; x_wconf 90' lang='lat' dir='ltr'><strong>eisdem</strong></span> <span class='ocrx_word' id='word_1_24' title='bbox 1250 776 1341 855; x_wconf 90' lang='lat' dir='ltr'><strong>loeis,</strong></span> <span class='ocrx_word' id='word_1_25' title='bbox 1365 796 1425 860; x_wconf 91' lang='lat' dir='ltr'><strong>per</strong></span> <span class='ocrx_word' id='word_1_26' title='bbox 1447 775 1586 840; x_wconf 92' lang='lat' dir='ltr'><strong>eundem</strong></span> 
     </span>
     <span class='ocr_line' id='line_1_5' title="bbox 332 865 1585 951; baseline 0.002 -23"><span class='ocrx_word' id='word_1_27' title='bbox 332 887 443 951; x_wconf 82' lang='lat' dir='ltr'><strong>regem</strong></span> <span class='ocrx_word' id='word_1_28' title='bbox 465 865 517 930; x_wconf 85' lang='lat' dir='ltr'><strong>rel</strong></span> <span class='ocrx_word' id='word_1_29' title='bbox 540 865 579 929; x_wconf 92' lang='lat' dir='ltr'><strong>de</strong></span> <span class='ocrx_word' id='word_1_30' title='bbox 602 865 756 929; x_wconf 91' lang='lat' dir='ltr'><strong>mandato</strong></span> <span class='ocrx_word' id='word_1_31' title='bbox 779 885 847 943; x_wconf 92' lang='lat' dir='ltr'><strong>suo,</strong></span> <span class='ocrx_word' id='word_1_32' title='bbox 871 865 975 929; x_wconf 92' lang='lat' dir='ltr'><strong>eidem</strong></span> <span class='ocrx_word' id='word_1_33' title='bbox 998 865 1235 951; x_wconf 79' lang='lat' dir='ltr'><strong>archiepiscopo</strong></span> <span class='ocrx_word' id='word_1_34' title='bbox 1264 865 1394 949; x_wconf 88' lang='lat' dir='ltr'><strong>suisque</strong></span> <span class='ocrx_word' id='word_1_35' title='bbox 1425 886 1585 930; x_wconf 88' lang='lat' dir='ltr'><strong>suceesso-</strong></span> 
     </span>
     <span class='ocr_line' id='line_1_6' title="bbox 331 952 1585 1041; baseline 0 -23"><span class='ocrx_word' id='word_1_36' title='bbox 331 954 420 1018; x_wconf 91' lang='lat' dir='ltr'><strong>ribus</strong></span> <span class='ocrx_word' id='word_1_37' title='bbox 443 953 600 1032; x_wconf 90' lang='lat' dir='ltr'><strong>habenda,</strong></span> <span class='ocrx_word' id='word_1_38' title='bbox 624 953 825 1038; x_wconf 89' lang='lat' dir='ltr'><strong>possidenda,</strong></span> <span class='ocrx_word' id='word_1_39' title='bbox 849 954 1000 1032; x_wconf 88' lang='lat' dir='ltr'><strong>tenenda,</strong></span> <span class='ocrx_word' id='word_1_40' title='bbox 1024 954 1176 1041; x_wconf 81' lang='lat' dir='ltr'><strong>regenda,</strong></span> <span class='ocrx_word' id='word_1_41' title='bbox 1199 952 1415 1038; x_wconf 87' lang='lat' dir='ltr'><strong>percipienda,</strong></span> <span class='ocrx_word' id='word_1_42' title='bbox 1434 954 1585 1039; x_wconf 90' lang='lat' dir='ltr'><strong>petenda,</strong></span> 
     </span>
     <span class='ocr_line' id='line_1_7' title="bbox 332 1041 1584 1129; baseline 0.002 -23"><span class='ocrx_word' id='word_1_43' title='bbox 332 1041 543 1121; x_wconf 87' lang='lat' dir='ltr'><strong>defendenda,</strong></span> <span class='ocrx_word' id='word_1_44' title='bbox 567 1042 755 1127; x_wconf 88' lang='lat' dir='ltr'><strong>exequenda</strong></span> <span class='ocrx_word' id='word_1_45' title='bbox 778 1044 811 1105; x_wconf 92' lang='lat' dir='ltr'><strong>et</strong></span> <span class='ocrx_word' id='word_1_46' title='bbox 834 1042 1018 1122; x_wconf 88' lang='lat' dir='ltr'><strong>exercenda,</strong></span> <span class='ocrx_word' id='word_1_47' title='bbox 1042 1065 1100 1128; x_wconf 90' lang='lat' dir='ltr'><strong>per</strong></span> <span class='ocrx_word' id='word_1_48' title='bbox 1116 1065 1150 1108; x_wconf 90' lang='lat' dir='ltr'><strong>se</strong></span> <span class='ocrx_word' id='word_1_49' title='bbox 1167 1043 1219 1107; x_wconf 85' lang='lat' dir='ltr'><strong>vel</strong></span> <span class='ocrx_word' id='word_1_50' title='bbox 1234 1064 1293 1129; x_wconf 90' lang='lat' dir='ltr'><strong>per</strong></span> <span class='ocrx_word' id='word_1_51' title='bbox 1308 1043 1407 1108; x_wconf 90' lang='lat' dir='ltr'><strong>alium</strong></span> <span class='ocrx_word' id='word_1_52' title='bbox 1423 1064 1479 1108; x_wconf 90' lang='lat' dir='ltr'><strong>seu</strong></span> <span class='ocrx_word' id='word_1_53' title='bbox 1496 1043 1584 1122; x_wconf 90' lang='lat' dir='ltr'><strong>alios,</strong></span> 
     </span>
     <span class='ocr_line' id='line_1_8' title="bbox 332 1131 1584 1217; baseline 0.002 -23"><span class='ocrx_word' id='word_1_54' title='bbox 332 1131 430 1215; x_wconf 91' lang='lat' dir='ltr'><strong>pleno</strong></span> <span class='ocrx_word' id='word_1_55' title='bbox 449 1132 537 1215; x_wconf 91' lang='lat' dir='ltr'><strong>jure,</strong></span> <span class='ocrx_word' id='word_1_56' title='bbox 567 1131 666 1195; x_wconf 92' lang='lat' dir='ltr'><strong>libere</strong></span> <span class='ocrx_word' id='word_1_57' title='bbox 698 1133 731 1194; x_wconf 92' lang='lat' dir='ltr'><strong>et</strong></span> <span class='ocrx_word' id='word_1_58' title='bbox 761 1131 884 1215; x_wconf 88' lang='lat' dir='ltr'><strong>quiete,</strong></span> <span class='ocrx_word' id='word_1_59' title='bbox 915 1132 1005 1195; x_wconf 88' lang='lat' dir='ltr'><strong>nulla</strong></span> <span class='ocrx_word' id='word_1_60' title='bbox 1027 1132 1259 1217; x_wconf 90' lang='lat' dir='ltr'><strong>prescriptione</strong></span> <span class='ocrx_word' id='word_1_61' title='bbox 1281 1133 1429 1197; x_wconf 90' lang='lat' dir='ltr'><strong>currente</strong></span> <span class='ocrx_word' id='word_1_62' title='bbox 1452 1132 1505 1197; x_wconf 84' lang='lat' dir='ltr'><strong>vel</strong></span> <span class='ocrx_word' id='word_1_63' title='bbox 1527 1133 1584 1197; x_wconf 90' lang='lat' dir='ltr'><strong>ob-</strong></span> 
     </span>
     <span class='ocr_line' id='line_1_9' title="bbox 332 1219 1585 1306; baseline 0.001 -22"><span class='ocrx_word' id='word_1_64' title='bbox 332 1221 455 1297; x_wconf 86' lang='lat' dir='ltr'><strong>stante,</strong></span> <span class='ocrx_word' id='word_1_65' title='bbox 486 1223 542 1284; x_wconf 92' lang='lat' dir='ltr'><strong>aut</strong></span> <span class='ocrx_word' id='word_1_66' title='bbox 571 1220 670 1285; x_wconf 88' lang='lat' dir='ltr'><strong>etiarn</strong></span> <span class='ocrx_word' id='word_1_67' title='bbox 700 1242 760 1285; x_wconf 89' lang='lat' dir='ltr'><strong>usu</strong></span> <span class='ocrx_word' id='word_1_68' title='bbox 792 1219 952 1284; x_wconf 90' lang='lat' dir='ltr'><strong>contrario</strong></span> <span class='ocrx_word' id='word_1_69' title='bbox 981 1222 1034 1286; x_wconf 84' lang='lat' dir='ltr'><strong>vel</strong></span> <span class='ocrx_word' id='word_1_70' title='bbox 1064 1242 1131 1286; x_wconf 92' lang='lat' dir='ltr'><strong>non</strong></span> <span class='ocrx_word' id='word_1_71' title='bbox 1160 1244 1228 1299; x_wconf 91' lang='lat' dir='ltr'><strong>usu,</strong></span> <span class='ocrx_word' id='word_1_72' title='bbox 1252 1243 1311 1286; x_wconf 90' lang='lat' dir='ltr'><strong>nec</strong></span> <span class='ocrx_word' id='word_1_73' title='bbox 1334 1242 1402 1285; x_wconf 92' lang='lat' dir='ltr'><strong>non</strong></span> <span class='ocrx_word' id='word_1_74' title='bbox 1423 1222 1585 1306; x_wconf 71' lang='lat' dir='ltr'><strong>potestate</strong></span> 
     </span>
     <span class='ocr_line' id='line_1_10' title="bbox 332 1308 1587 1395; baseline 0.001 -22"><span class='ocrx_word' id='word_1_75' title='bbox 332 1308 472 1373; x_wconf 84' lang='lat' dir='ltr'><strong>faciendi</strong></span> <span class='ocrx_word' id='word_1_76' title='bbox 487 1331 544 1373; x_wconf 94' lang='lat' dir='ltr'><strong>seu</strong></span> <span class='ocrx_word' id='word_1_77' title='bbox 559 1309 690 1374; x_wconf 87' lang='lat' dir='ltr'><strong>creandi</strong></span> <span class='ocrx_word' id='word_1_78' title='bbox 705 1309 896 1373; x_wconf 86' lang='lat' dir='ltr'><strong>tabelliones</strong></span> <span class='ocrx_word' id='word_1_79' title='bbox 912 1309 1064 1394; x_wconf 90' lang='lat' dir='ltr'><strong>publicos,</strong></span> <span class='ocrx_word' id='word_1_80' title='bbox 1088 1331 1223 1395; x_wconf 91' lang='lat' dir='ltr'><strong>quorum</strong></span> <span class='ocrx_word' id='word_1_81' title='bbox 1246 1310 1471 1375; x_wconf 85' lang='lat' dir='ltr'><strong>instrumentis</strong></span> <span class='ocrx_word' id='word_1_82' title='bbox 1486 1309 1587 1395; x_wconf 88' lang='lat' dir='ltr'><strong>plena</strong></span> 
     </span>
     <span class='ocr_line' id='line_1_11' title="bbox 331 1397 1585 1485; baseline 0.002 -24"><span class='ocrx_word' id='word_1_83' title='bbox 331 1397 411 1462; x_wconf 87' lang='lat' dir='ltr'><strong>fides</strong></span> <span class='ocrx_word' id='word_1_84' title='bbox 441 1398 556 1462; x_wconf 90' lang='lat' dir='ltr'><strong>debeat</strong></span> <span class='ocrx_word' id='word_1_85' title='bbox 585 1420 643 1483; x_wconf 90' lang='lat' dir='ltr'><strong>per</strong></span> <span class='ocrx_word' id='word_1_86' title='bbox 672 1400 776 1462; x_wconf 91' lang='lat' dir='ltr'><strong>totum</strong></span> <span class='ocrx_word' id='word_1_87' title='bbox 805 1399 977 1485; x_wconf 90' lang='lat' dir='ltr'><strong>imperium</strong></span> <span class='ocrx_word' id='word_1_88' title='bbox 1014 1399 1173 1478; x_wconf 81' lang='lat' dir='ltr'><strong>adhiberi,</strong></span> <span class='ocrx_word' id='word_1_89' title='bbox 1216 1421 1252 1464; x_wconf 92' lang='lat' dir='ltr'><strong>ac</strong></span> <span class='ocrx_word' id='word_1_90' title='bbox 1290 1399 1465 1465; x_wconf 90' lang='lat' dir='ltr'><strong>nonnullas</strong></span> <span class='ocrx_word' id='word_1_91' title='bbox 1505 1399 1585 1464; x_wconf 87' lang='lat' dir='ltr'><strong>alias</strong></span> 
     </span>
     <span class='ocr_line' id='line_1_12' title="bbox 331 1486 1585 1554; baseline 0.002 -4"><span class='ocrx_word' id='word_1_92' title='bbox 331 1486 497 1552; x_wconf 85' lang='lat' dir='ltr'><strong>libertates</strong></span> <span class='ocrx_word' id='word_1_93' title='bbox 521 1489 554 1551; x_wconf 89' lang='lat' dir='ltr'><strong>et</strong></span> <span class='ocrx_word' id='word_1_94' title='bbox 576 1488 797 1552; x_wconf 89' lang='lat' dir='ltr'><strong>immunitates</strong></span> <span class='ocrx_word' id='word_1_95' title='bbox 821 1489 880 1552; x_wconf 93' lang='lat' dir='ltr'><strong>sub</strong></span> <span class='ocrx_word' id='word_1_96' title='bbox 910 1487 1044 1554; x_wconf 86' lang='lat' dir='ltr'><strong>diversis</strong></span> <span class='ocrx_word' id='word_1_97' title='bbox 1067 1489 1252 1553; x_wconf 91' lang='lat' dir='ltr'><strong>nominibus</strong></span> <span class='ocrx_word' id='word_1_98' title='bbox 1276 1491 1309 1553; x_wconf 92' lang='lat' dir='ltr'><strong>et</strong></span> <span class='ocrx_word' id='word_1_99' title='bbox 1332 1488 1474 1553; x_wconf 87' lang='lat' dir='ltr'><strong>articulis</strong></span> <span class='ocrx_word' id='word_1_100' title='bbox 1497 1509 1585 1552; x_wconf 91' lang='lat' dir='ltr'><strong>com-</strong></span> 
     </span>
     <span class='ocr_line' id='line_1_13' title="bbox 331 1574 1585 1663; baseline 0.002 -24"><span class='ocrx_word' id='word_1_101' title='bbox 331 1574 517 1660; x_wconf 90' lang='lat' dir='ltr'><strong>prehensas,</strong></span> <span class='ocrx_word' id='word_1_102' title='bbox 541 1576 715 1641; x_wconf 87' lang='lat' dir='ltr'><strong>liberaliter</strong></span> <span class='ocrx_word' id='word_1_103' title='bbox 737 1579 827 1641; x_wconf 89' lang='lat' dir='ltr'><strong>motu</strong></span> <span class='ocrx_word' id='word_1_104' title='bbox 850 1577 980 1662; x_wconf 91' lang='lat' dir='ltr'><strong>proprio</strong></span> <span class='ocrx_word' id='word_1_105' title='bbox 1004 1577 1136 1642; x_wconf 88' lang='lat' dir='ltr'><strong>donavit</strong></span> <span class='ocrx_word' id='word_1_106' title='bbox 1158 1581 1254 1662; x_wconf 89' lang='lat' dir='ltr'><strong>atque</strong></span> <span class='ocrx_word' id='word_1_107' title='bbox 1278 1578 1442 1656; x_wconf 87' lang='lat' dir='ltr'><strong>concessit,</strong></span> <span class='ocrx_word' id='word_1_108' title='bbox 1466 1579 1499 1641; x_wconf 90' lang='lat' dir='ltr'><strong>et</strong></span> <span class='ocrx_word' id='word_1_109' title='bbox 1522 1598 1585 1663; x_wconf 91' lang='lat' dir='ltr'><strong>que</strong></span> 
     </span>
     <span class='ocr_line' id='line_1_14' title="bbox 332 1664 1585 1751; baseline 0.002 -24"><span class='ocrx_word' id='word_1_110' title='bbox 332 1664 453 1748; x_wconf 89' lang='lat' dir='ltr'><strong>prefati</strong></span> <span class='ocrx_word' id='word_1_111' title='bbox 475 1664 731 1749; x_wconf 88' lang='lat' dir='ltr'><strong>archiepiscopus</strong></span> <span class='ocrx_word' id='word_1_112' title='bbox 755 1687 811 1729; x_wconf 91' lang='lat' dir='ltr'><strong>seu</strong></span> <span class='ocrx_word' id='word_1_113' title='bbox 834 1665 1073 1750; x_wconf 87' lang='lat' dir='ltr'><strong>predecessores</strong></span> <span class='ocrx_word' id='word_1_114' title='bbox 1092 1667 1161 1750; x_wconf 90' lang='lat' dir='ltr'><strong>ejus</strong></span> <span class='ocrx_word' id='word_1_115' title='bbox 1177 1669 1275 1731; x_wconf 89' lang='lat' dir='ltr'><strong>antea</strong></span> <span class='ocrx_word' id='word_1_116' title='bbox 1289 1667 1325 1730; x_wconf 90' lang='lat' dir='ltr'><strong>in</strong></span> <span class='ocrx_word' id='word_1_117' title='bbox 1340 1666 1492 1751; x_wconf 89' lang='lat' dir='ltr'><strong>predictis</strong></span> <span class='ocrx_word' id='word_1_118' title='bbox 1507 1668 1585 1731; x_wconf 87' lang='lat' dir='ltr'><strong>locis</strong></span> 
     </span>
     <span class='ocr_line' id='line_1_15' title="bbox 332 1753 1586 1840; baseline 0.003 -24"><span class='ocrx_word' id='word_1_119' title='bbox 332 1753 520 1833; x_wconf 71' lang='lat' dir='ltr'><strong>habuerant</strong></span> <span class='ocrx_word' id='word_1_120' title='bbox 545 1754 591 1818; x_wconf 87' lang='lat' dir='ltr'><strong>eis</strong></span> <span class='ocrx_word' id='word_1_121' title='bbox 614 1754 803 1830; x_wconf 86' lang='lat' dir='ltr'><strong>auctoritate</strong></span> <span class='ocrx_word' id='word_1_122' title='bbox 826 1754 917 1840; x_wconf 86' lang='lat' dir='ltr'><strong>regia</strong></span> <span class='ocrx_word' id='word_1_123' title='bbox 941 1776 979 1819; x_wconf 84' lang='lat' dir='ltr'><strong>ex</strong></span> <span class='ocrx_word' id='word_1_124' title='bbox 1001 1757 1089 1820; x_wconf 88' lang='lat' dir='ltr'><strong>certa</strong></span> <span class='ocrx_word' id='word_1_125' title='bbox 1107 1755 1242 1820; x_wconf 88' lang='lat' dir='ltr'><strong>scientia</strong></span> <span class='ocrx_word' id='word_1_126' title='bbox 1257 1755 1465 1833; x_wconf 84' lang='lat' dir='ltr'><strong>confirmarit,</strong></span> <span class='ocrx_word' id='word_1_127' title='bbox 1488 1758 1586 1840; x_wconf 92' lang='lat' dir='ltr'><strong>prout</strong></span> 
     </span>
    </p>
   </div>
   <div class='ocr_carea' id='block_1_3' title="bbox 332 1840 1712 2016">
    <p class='ocr_par' dir='ltr' id='par_1_3' title="bbox 332 1840 1712 2016">
     <span class='ocr_line' id='line_1_16' title="bbox 332 1840 1712 1930; baseline -0.001 -24"><span class='ocrx_word' id='word_1_128' title='bbox 332 1840 367 1906; x_wconf 93' lang='lat' dir='ltr'><strong>in</strong></span> <span class='ocrx_word' id='word_1_129' title='bbox 390 1842 561 1929; x_wconf 82' lang='lat' dir='ltr'><strong>privilegio</strong></span> <span class='ocrx_word' id='word_1_130' title='bbox 584 1844 659 1907; x_wconf 91' lang='lat' dir='ltr'><strong>inde</strong></span> <span class='ocrx_word' id='word_1_131' title='bbox 682 1845 835 1922; x_wconf 88' lang='lat' dir='ltr'><strong>confecto,</strong></span> <span class='ocrx_word' id='word_1_132' title='bbox 858 1846 937 1927; x_wconf 88' lang='lat' dir='ltr'><strong>typo</strong></span> <span class='ocrx_word' id='word_1_133' title='bbox 960 1844 1085 1908; x_wconf 90' lang='lat' dir='ltr'><strong>munito</strong></span> <span class='ocrx_word' id='word_1_134' title='bbox 1108 1845 1216 1930; x_wconf 85' lang='lat' dir='ltr'><strong>regio,</strong></span> <span class='ocrx_word' id='word_1_135' title='bbox 1240 1845 1368 1929; x_wconf 88' lang='lat' dir='ltr'><strong>plenius</strong></span> <span class='ocrx_word' id='word_1_136' title='bbox 1391 1845 1584 1910; x_wconf 84' lang='lat' dir='ltr'><strong>continetur.</strong></span> <span class='ocrx_word' id='word_1_137' title='bbox 1711 1883 1712 1904; x_wconf 45' lang='lat'>1</span> 
     </span>
     <span class='ocr_line' id='line_1_17' title="bbox 332 1931 1712 2016; baseline -0.001 -21"><span class='ocrx_word' id='word_1_138' title='bbox 332 1931 400 1996; x_wconf 89' lang='lat' dir='ltr'><strong>Nos</strong></span> <span class='ocrx_word' id='word_1_139' title='bbox 415 1932 524 2016; x_wconf 90' lang='lat' dir='ltr'><strong>itaque</strong></span> <span class='ocrx_word' id='word_1_140' title='bbox 541 1932 605 1997; x_wconf 90' lang='lat' dir='ltr'><strong>tuis</strong></span> <span class='ocrx_word' id='word_1_141' title='bbox 622 1932 910 2016; x_wconf 90' lang='lat' dir='ltr'><strong>supplicationibus</strong></span> <span class='ocrx_word' id='word_1_142' title='bbox 925 1933 1082 2012; x_wconf 84' lang='lat' dir='ltr'><strong>inclinati,</strong></span> <span class='ocrx_word' id='word_1_143' title='bbox 1106 1934 1322 2013; x_wconf 89' lang='lat' dir='ltr'><strong>donationem,</strong></span> <span class='ocrx_word' id='word_1_144' title='bbox 1345 1934 1584 2001; x_wconf 88' lang='lat' dir='ltr'><strong>concessionem</strong></span> <span class='ocrx_word' id='word_1_145' title='bbox 1711 1985 1712 1994; x_wconf 73' lang='grc'>,</span> 
     </span>
    </p>
   </div>
   <div class='ocr_carea' id='block_1_4' title="bbox 330 2020 1586 2642">
    <p class='ocr_par' dir='ltr' id='par_1_4' title="bbox 330 2020 1586 2642">
     <span class='ocr_line' id='line_1_18' title="bbox 332 2020 1584 2109; baseline 0.002 -25"><span class='ocrx_word' id='word_1_146' title='bbox 332 2022 364 2084; x_wconf 89' lang='lat' dir='ltr'><strong>et</strong></span> <span class='ocrx_word' id='word_1_147' title='bbox 394 2020 543 2105; x_wconf 89' lang='lat' dir='ltr'><strong>quicquid</strong></span> <span class='ocrx_word' id='word_1_148' title='bbox 573 2021 704 2106; x_wconf 90' lang='lat' dir='ltr'><strong>provide</strong></span> <span class='ocrx_word' id='word_1_149' title='bbox 735 2044 792 2106; x_wconf 92' lang='lat' dir='ltr'><strong>per</strong></span> <span class='ocrx_word' id='word_1_150' title='bbox 822 2021 960 2085; x_wconf 91' lang='lat' dir='ltr'><strong>eundem</strong></span> <span class='ocrx_word' id='word_1_151' title='bbox 989 2044 1101 2109; x_wconf 86' lang='lat' dir='ltr'><strong>regern</strong></span> <span class='ocrx_word' id='word_1_152' title='bbox 1123 2023 1159 2086; x_wconf 87' lang='lat' dir='ltr'><strong>in</strong></span> <span class='ocrx_word' id='word_1_153' title='bbox 1181 2023 1242 2102; x_wconf 86' lang='lat' dir='ltr'><strong>hac</strong></span> <span class='ocrx_word' id='word_1_154' title='bbox 1264 2025 1356 2108; x_wconf 91' lang='lat' dir='ltr'><strong>parte</strong></span> <span class='ocrx_word' id='word_1_155' title='bbox 1379 2024 1502 2087; x_wconf 84' lang='lat' dir='ltr'><strong>factum</strong></span> <span class='ocrx_word' id='word_1_156' title='bbox 1525 2025 1584 2102; x_wconf 90' lang='lat' dir='ltr'><strong>est,</strong></span> 
     </span>
     <span class='ocr_line' id='line_1_19' title="bbox 330 2111 1585 2196; baseline 0.003 -23"><span class='ocrx_word' id='word_1_157' title='bbox 330 2112 438 2173; x_wconf 91' lang='lat' dir='ltr'><strong>ratum</strong></span> <span class='ocrx_word' id='word_1_158' title='bbox 467 2113 501 2173; x_wconf 91' lang='lat' dir='ltr'><strong>et</strong></span> <span class='ocrx_word' id='word_1_159' title='bbox 529 2111 657 2175; x_wconf 91' lang='lat' dir='ltr'><strong>firmum</strong></span> <span class='ocrx_word' id='word_1_160' title='bbox 685 2111 859 2188; x_wconf 87' lang='lat' dir='ltr'><strong>hahentes,</strong></span> <span class='ocrx_word' id='word_1_161' title='bbox 888 2111 968 2175; x_wconf 91' lang='lat' dir='ltr'><strong>illud</strong></span> <span class='ocrx_word' id='word_1_162' title='bbox 1000 2112 1189 2177; x_wconf 87' lang='lat' dir='ltr'><strong>auctoritate</strong></span> <span class='ocrx_word' id='word_1_163' title='bbox 1221 2112 1410 2196; x_wconf 90' lang='lat' dir='ltr'><strong>apostolica,</strong></span> <span class='ocrx_word' id='word_1_164' title='bbox 1435 2133 1474 2176; x_wconf 89' lang='lat' dir='ltr'><strong>ex</strong></span> <span class='ocrx_word' id='word_1_165' title='bbox 1497 2114 1585 2177; x_wconf 91' lang='lat' dir='ltr'><strong>certa</strong></span> 
     </span>
     <span class='ocr_line' id='line_1_20' title="bbox 330 2198 1584 2286; baseline 0.002 -24"><span class='ocrx_word' id='word_1_166' title='bbox 330 2198 465 2263; x_wconf 90' lang='lat' dir='ltr'><strong>scientia</strong></span> <span class='ocrx_word' id='word_1_167' title='bbox 488 2201 718 2265; x_wconf 83' lang='lat' dir='ltr'><strong>&#39;confirmamus</strong></span> <span class='ocrx_word' id='word_1_168' title='bbox 750 2203 783 2264; x_wconf 90' lang='lat' dir='ltr'><strong>et</strong></span> <span class='ocrx_word' id='word_1_169' title='bbox 811 2200 971 2284; x_wconf 90' lang='lat' dir='ltr'><strong>presentis</strong></span> <span class='ocrx_word' id='word_1_170' title='bbox 1001 2201 1112 2285; x_wconf 90' lang='lat' dir='ltr'><strong>scripti</strong></span> <span class='ocrx_word' id='word_1_171' title='bbox 1140 2201 1318 2286; x_wconf 87' lang='lat' dir='ltr'><strong>patrocinio</strong></span> <span class='ocrx_word' id='word_1_172' title='bbox 1341 2201 1584 2280; x_wconf 88' lang='lat' dir='ltr'><strong>communimus,</strong></span> 
     </span>
     <span class='ocr_line' id='line_1_21' title="bbox 330 2288 1584 2375; baseline 0.003 -24"><span class='ocrx_word' id='word_1_173' title='bbox 330 2289 477 2352; x_wconf 88' lang='lat' dir='ltr'><strong>tenorem</strong></span> <span class='ocrx_word' id='word_1_174' title='bbox 500 2288 576 2353; x_wconf 91' lang='lat' dir='ltr'><strong>dicti</strong></span> <span class='ocrx_word' id='word_1_175' title='bbox 598 2288 763 2375; x_wconf 88' lang='lat' dir='ltr'><strong>privilegii</strong></span> <span class='ocrx_word' id='word_1_176' title='bbox 785 2290 824 2353; x_wconf 91' lang='lat' dir='ltr'><strong>de</strong></span> <span class='ocrx_word' id='word_1_177' title='bbox 847 2289 944 2353; x_wconf 87' lang='lat' dir='ltr'><strong>verbo</strong></span> <span class='ocrx_word' id='word_1_178' title='bbox 967 2289 1160 2355; x_wconf 84' lang='lat' dir='ltr'><strong>adverbum</strong></span> <span class='ocrx_word' id='word_1_179' title='bbox 1183 2290 1387 2375; x_wconf 87' lang='lat' dir='ltr'><strong>presentibus</strong></span> <span class='ocrx_word' id='word_1_180' title='bbox 1410 2291 1510 2354; x_wconf 90' lang='lat' dir='ltr'><strong>inseri</strong></span> <span class='ocrx_word' id='word_1_181' title='bbox 1532 2291 1584 2356; x_wconf 90' lang='lat' dir='ltr'><strong>fa·</strong></span> 
     </span>
     <span class='ocr_line' id='line_1_22' title="bbox 330 2375 1586 2465; baseline 0.002 -26"><span class='ocrx_word' id='word_1_182' title='bbox 330 2375 460 2455; x_wconf 82' lang='lat' dir='ltr'><strong>cientes,</strong></span> <span class='ocrx_word' id='word_1_183' title='bbox 495 2377 551 2461; x_wconf 92' lang='lat' dir='ltr'><strong>qui</strong></span> <span class='ocrx_word' id='word_1_184' title='bbox 570 2378 645 2442; x_wconf 90' lang='lat' dir='ltr'><strong>talis</strong></span> <span class='ocrx_word' id='word_1_185' title='bbox 661 2381 718 2442; x_wconf 92' lang='lat' dir='ltr'><strong>est.</strong></span> <span class='ocrx_word' id='word_1_186' title='bbox 742 2377 912 2444; x_wconf 88' lang='lat' dir='ltr'><strong>Wilelmus</strong></span> <span class='ocrx_word' id='word_1_187' title='bbox 937 2378 987 2443; x_wconf 91' lang='lat' dir='ltr'><strong>dei</strong></span> <span class='ocrx_word' id='word_1_188' title='bbox 1013 2379 1120 2465; x_wconf 84' lang='lat' dir='ltr'><strong>gratia</strong></span> <span class='ocrx_word' id='word_1_189' title='bbox 1135 2379 1353 2444; x_wconf 90' lang='lat' dir='ltr'><strong>Romanorum</strong></span> <span class='ocrx_word' id='word_1_190' title='bbox 1367 2401 1433 2458; x_wconf 86' lang='lat' dir='ltr'><strong>rex,</strong></span> <span class='ocrx_word' id='word_1_191' title='bbox 1457 2401 1586 2465; x_wconf 90' lang='lat' dir='ltr'><strong>semper</strong></span> 
     </span>
     <span class='ocr_line' id='line_1_23' title="bbox 330 2466 1584 2554; baseline 0.003 -26"><span class='ocrx_word' id='word_1_192' title='bbox 330 2468 497 2551; x_wconf 86' lang='lat' dir='ltr'><strong>augustus.</strong></span> <span class='ocrx_word' id='word_1_193' title='bbox 525 2467 691 2532; x_wconf 84' lang='lat' dir='ltr'><strong>Universis</strong></span> <span class='ocrx_word' id='word_1_194' title='bbox 707 2467 836 2551; x_wconf 91' lang='lat' dir='ltr'><strong>imperii</strong></span> <span class='ocrx_word' id='word_1_195' title='bbox 850 2466 997 2532; x_wconf 90' lang='lat' dir='ltr'><strong>fidelibus</strong></span> <span class='ocrx_word' id='word_1_196' title='bbox 1013 2469 1071 2533; x_wconf 89' lang='lat' dir='ltr'><strong>has</strong></span> <span class='ocrx_word' id='word_1_197' title='bbox 1087 2469 1212 2534; x_wconf 87' lang='lat' dir='ltr'><strong>litteras</strong></span> <span class='ocrx_word' id='word_1_198' title='bbox 1226 2469 1419 2553; x_wconf 87' lang='lat' dir='ltr'><strong>inspecturis</strong></span> <span class='ocrx_word' id='word_1_199' title='bbox 1442 2469 1584 2554; x_wconf 77' lang='lat' dir='ltr'><strong>gratiam</strong></span> 
     </span>
     <span class='ocr_line' id='line_1_24' title="bbox 330 2555 1583 2642; baseline 0.002 -22"><span class='ocrx_word' id='word_1_200' title='bbox 330 2558 478 2620; x_wconf 90' lang='lat' dir='ltr'><strong>suamet</strong></span> <span class='ocrx_word' id='word_1_201' title='bbox 502 2577 598 2621; x_wconf 91' lang='lat' dir='ltr'><strong>omne</strong></span> <span class='ocrx_word' id='word_1_202' title='bbox 621 2557 750 2621; x_wconf 92' lang='lat' dir='ltr'><strong>bonum.</strong></span> <span class='ocrx_word' id='word_1_203' title='bbox 797 2555 972 2622; x_wconf 82' lang='lat' dir='ltr'><strong>Consuevit</strong></span> <span class='ocrx_word' id='word_1_204' title='bbox 992 2557 1169 2623; x_wconf 77' lang='lat' dir='ltr'><strong>liberalitas</strong></span> <span class='ocrx_word' id='word_1_205' title='bbox 1193 2557 1341 2622; x_wconf 91' lang='lat' dir='ltr'><strong>culminis</strong></span> <span class='ocrx_word' id='word_1_206' title='bbox 1365 2558 1468 2622; x_wconf 89' lang='lat' dir='ltr'><strong>nostri</strong></span> <span class='ocrx_word' id='word_1_207' title='bbox 1490 2557 1583 2642; x_wconf 92' lang='lat' dir='ltr'><strong>prin-</strong></span> 
     </span>
    </p>
   </div>
   <div class='ocr_carea' id='block_1_5' title="bbox 328 2644 1711 2733">
    <p class='ocr_par' dir='ltr' id='par_1_5' title="bbox 328 2644 1711 2733">
     <span class='ocr_line' id='line_1_25' title="bbox 328 2644 1711 2733; baseline 0.002 -24"><span class='ocrx_word' id='word_1_208' title='bbox 328 2644 415 2730; x_wconf 88' lang='lat' dir='ltr'><strong>cipes</strong></span> <span class='ocrx_word' id='word_1_209' title='bbox 440 2648 472 2711; x_wconf 90' lang='lat' dir='ltr'><strong>et</strong></span> <span class='ocrx_word' id='word_1_210' title='bbox 494 2649 665 2731; x_wconf 88' lang='lat' dir='ltr'><strong>magnates</strong></span> <span class='ocrx_word' id='word_1_211' title='bbox 689 2646 819 2731; x_wconf 89' lang='lat' dir='ltr'><strong>imperii</strong></span> <span class='ocrx_word' id='word_1_212' title='bbox 841 2647 943 2732; x_wconf 87' lang='lat' dir='ltr'><strong>gratis</strong></span> <span class='ocrx_word' id='word_1_213' title='bbox 965 2647 1129 2712; x_wconf 89' lang='lat' dir='ltr'><strong>beneficiis</strong></span> <span class='ocrx_word' id='word_1_214' title='bbox 1145 2669 1181 2713; x_wconf 90' lang='lat' dir='ltr'><strong>ac</strong></span> <span class='ocrx_word' id='word_1_215' title='bbox 1196 2647 1306 2733; x_wconf 82' lang='lat' dir='ltr'><strong>dignis</strong></span> <span class='ocrx_word' id='word_1_216' title='bbox 1328 2646 1504 2712; x_wconf 87' lang='lat' dir='ltr'><strong>honoribus</strong></span> <span class='ocrx_word' id='word_1_217' title='bbox 1526 2668 1583 2712; x_wconf 85' lang='lat' dir='ltr'><strong>ex·</strong></span> <span class='ocrx_word' id='word_1_218' title='bbox 1710 2711 1711 2718; x_wconf 68' lang='grc'>,</span> 
     </span>
    </p>
   </div>
   <div class='ocr_carea' id='block_1_6' title="bbox 324 2733 1621 4163">
    <p class='ocr_par' dir='ltr' id='par_1_6' title="bbox 324 2733 1621 4163">
     <span class='ocr_line' id='line_1_26' title="bbox 329 2733 1583 2820; baseline 0.002 -22"><span class='ocrx_word' id='word_1_219' title='bbox 329 2733 439 2812; x_wconf 88' lang='lat' dir='ltr'><strong>altare,</strong></span> <span class='ocrx_word' id='word_1_220' title='bbox 463 2736 718 2819; x_wconf 90' lang='lat' dir='ltr'><strong>promotionibus</strong></span> <span class='ocrx_word' id='word_1_221' title='bbox 741 2736 883 2820; x_wconf 91' lang='lat' dir='ltr'><strong>ipsorum</strong></span> <span class='ocrx_word' id='word_1_222' title='bbox 905 2737 1126 2801; x_wconf 86' lang='lat' dir='ltr'><strong>favorabiliter</strong></span> <span class='ocrx_word' id='word_1_223' title='bbox 1147 2735 1341 2815; x_wconf 89' lang='lat' dir='ltr'><strong>insistendo,</strong></span> <span class='ocrx_word' id='word_1_224' title='bbox 1365 2739 1403 2801; x_wconf 92' lang='lat' dir='ltr'><strong>ut</strong></span> <span class='ocrx_word' id='word_1_225' title='bbox 1425 2735 1466 2800; x_wconf 91' lang='lat' dir='ltr'><strong>ad</strong></span> <span class='ocrx_word' id='word_1_226' title='bbox 1488 2737 1583 2802; x_wconf 90' lang='lat' dir='ltr'><strong>obse·</strong></span> 
     </span>
     <span class='ocr_line' id='line_1_27' title="bbox 329 2823 1582 2908; baseline 0.002 -21"><span class='ocrx_word' id='word_1_227' title='bbox 329 2823 492 2908; x_wconf 89' lang='lat' dir='ltr'><strong>quendum</strong></span> <span class='ocrx_word' id='word_1_228' title='bbox 515 2826 608 2890; x_wconf 91' lang='lat' dir='ltr'><strong>nobis</strong></span> <span class='ocrx_word' id='word_1_229' title='bbox 631 2825 757 2890; x_wconf 84' lang='lat' dir='ltr'><strong>facilius</strong></span> <span class='ocrx_word' id='word_1_230' title='bbox 779 2825 982 2890; x_wconf 87' lang='lat' dir='ltr'><strong>inducantur.</strong></span> <span class='ocrx_word' id='word_1_231' title='bbox 1026 2824 1087 2890; x_wconf 86' lang='lat' dir='ltr'><strong>Sed</strong></span> <span class='ocrx_word' id='word_1_232' title='bbox 1118 2828 1151 2890; x_wconf 92' lang='lat' dir='ltr'><strong>et</strong></span> <span class='ocrx_word' id='word_1_233' title='bbox 1172 2824 1373 2891; x_wconf 90' lang='lat' dir='ltr'><strong>celsitudinis</strong></span> <span class='ocrx_word' id='word_1_234' title='bbox 1396 2827 1505 2890; x_wconf 89' lang='lat' dir='ltr'><strong>nostre</strong></span> <span class='ocrx_word' id='word_1_235' title='bbox 1529 2848 1582 2890; x_wconf 90' lang='lat' dir='ltr'><strong>re-</strong></span> 
     </span>
     <span class='ocr_line' id='line_1_28' title="bbox 329 2913 1582 2997; baseline 0.001 -20"><span class='ocrx_word' id='word_1_236' title='bbox 329 2913 429 2997; x_wconf 91' lang='lat' dir='ltr'><strong>quirit</strong></span> <span class='ocrx_word' id='word_1_237' title='bbox 450 2914 611 2995; x_wconf 90' lang='lat' dir='ltr'><strong>honestas,</strong></span> <span class='ocrx_word' id='word_1_238' title='bbox 634 2918 671 2980; x_wconf 90' lang='lat' dir='ltr'><strong>ut</strong></span> <span class='ocrx_word' id='word_1_239' title='bbox 686 2914 890 2980; x_wconf 91' lang='lat' dir='ltr'><strong>ecclesiarum</strong></span> <span class='ocrx_word' id='word_1_240' title='bbox 914 2914 966 2980; x_wconf 91' lang='lat' dir='ltr'><strong>dei</strong></span> <span class='ocrx_word' id='word_1_241' title='bbox 989 2915 1247 2995; x_wconf 88' lang='lat' dir='ltr'><strong>exaltationibus,</strong></span> <span class='ocrx_word' id='word_1_242' title='bbox 1271 2913 1525 2980; x_wconf 90' lang='lat' dir='ltr'><strong>desiderabiliter</strong></span> <span class='ocrx_word' id='word_1_243' title='bbox 1548 2917 1582 2980; x_wconf 90' lang='lat' dir='ltr'><strong>et</strong></span> 
     </span>
     <span class='ocr_line' id='line_1_29' title="bbox 328 3003 1582 3090; baseline 0.002 -24"><span class='ocrx_word' id='word_1_244' title='bbox 328 3003 500 3068; x_wconf 83' lang='lat' dir='ltr'><strong>efficaciter</strong></span> <span class='ocrx_word' id='word_1_245' title='bbox 528 3005 696 3070; x_wconf 88' lang='lat' dir='ltr'><strong>intendere</strong></span> <span class='ocrx_word' id='word_1_246' title='bbox 727 3005 899 3069; x_wconf 87' lang='lat' dir='ltr'><strong>debeamus</strong></span> <span class='ocrx_word' id='word_1_247' title='bbox 931 3026 1104 3090; x_wconf 89' lang='lat' dir='ltr'><strong>earumque</strong></span> <span class='ocrx_word' id='word_1_248' title='bbox 1136 3004 1302 3069; x_wconf 87' lang='lat' dir='ltr'><strong>libertates</strong></span> <span class='ocrx_word' id='word_1_249' title='bbox 1335 3003 1507 3080; x_wconf 84' lang='lat' dir='ltr'><strong>extendere</strong></span> <span class='ocrx_word' id='word_1_250' title='bbox 1539 3007 1582 3084; x_wconf 90' lang='lat' dir='ltr'><strong>et,</strong></span> 
     </span>
     <span class='ocr_line' id='line_1_30' title="bbox 327 3092 1581 3179; baseline 0.002 -23"><span class='ocrx_word' id='word_1_251' title='bbox 327 3113 399 3156; x_wconf 89' lang='lat' dir='ltr'><strong>cum</strong></span> <span class='ocrx_word' id='word_1_252' title='bbox 422 3092 457 3156; x_wconf 92' lang='lat' dir='ltr'><strong>in</strong></span> <span class='ocrx_word' id='word_1_253' title='bbox 479 3093 543 3159; x_wconf 88' lang='lat' dir='ltr'><strong>hiis</strong></span> <span class='ocrx_word' id='word_1_254' title='bbox 566 3094 690 3179; x_wconf 89' lang='lat' dir='ltr'><strong>optima</strong></span> <span class='ocrx_word' id='word_1_255' title='bbox 712 3116 864 3159; x_wconf 90' lang='lat' dir='ltr'><strong>mensura</strong></span> <span class='ocrx_word' id='word_1_256' title='bbox 887 3094 930 3158; x_wconf 90' lang='lat' dir='ltr'><strong>sit</strong></span> <span class='ocrx_word' id='word_1_257' title='bbox 952 3094 1167 3173; x_wconf 87' lang='lat' dir='ltr'><strong>immensitas,</strong></span> <span class='ocrx_word' id='word_1_258' title='bbox 1191 3094 1229 3157; x_wconf 90' lang='lat' dir='ltr'><strong>de</strong></span> <span class='ocrx_word' id='word_1_259' title='bbox 1252 3093 1343 3178; x_wconf 83' lang='lat' dir='ltr'><strong>regie</strong></span> <span class='ocrx_word' id='word_1_260' title='bbox 1365 3092 1581 3179; x_wconf 82' lang='lat' dir='ltr'><strong>benignitatis</strong></span> 
     </span>
     <span class='ocr_line' id='line_1_31' title="bbox 327 3181 1581 3269; baseline 0.002 -24"><span class='ocrx_word' id='word_1_261' title='bbox 327 3182 556 3261; x_wconf 82' lang='lat' dir='ltr'><strong>munificentia,</strong></span> <span class='ocrx_word' id='word_1_262' title='bbox 580 3184 753 3248; x_wconf 83' lang='lat' dir='ltr'><strong>affluenter</strong></span> <span class='ocrx_word' id='word_1_263' title='bbox 776 3185 809 3246; x_wconf 88' lang='lat' dir='ltr'><strong>et</strong></span> <span class='ocrx_word' id='word_1_264' title='bbox 831 3183 1007 3248; x_wconf 86' lang='lat' dir='ltr'><strong>liberaliter</strong></span> <span class='ocrx_word' id='word_1_265' title='bbox 1031 3183 1170 3268; x_wconf 83' lang='lat' dir='ltr'><strong>elargiri.</strong></span> <span class='ocrx_word' id='word_1_266' title='bbox 1202 3181 1456 3269; x_wconf 81' lang='lat' dir='ltr'><strong>Significandum</strong></span> <span class='ocrx_word' id='word_1_267' title='bbox 1470 3183 1581 3268; x_wconf 91' lang='lat' dir='ltr'><strong>itaque</strong></span> 
     </span>
     <span class='ocr_line' id='line_1_32' title="bbox 327 3272 1621 3358; baseline 0.002 -22"><span class='ocrx_word' id='word_1_268' title='bbox 327 3272 475 3337; x_wconf 85' lang='lat' dir='ltr'><strong>duximus</strong></span> <span class='ocrx_word' id='word_1_269' title='bbox 499 3273 658 3338; x_wconf 85' lang='lat' dir='ltr'><strong>universis</strong></span> <span class='ocrx_word' id='word_1_270' title='bbox 681 3276 714 3337; x_wconf 92' lang='lat' dir='ltr'><strong>et</strong></span> <span class='ocrx_word' id='word_1_271' title='bbox 736 3273 876 3358; x_wconf 88' lang='lat' dir='ltr'><strong>singulis</strong></span> <span class='ocrx_word' id='word_1_272' title='bbox 898 3275 967 3337; x_wconf 91' lang='lat' dir='ltr'><strong>tam</strong></span> <span class='ocrx_word' id='word_1_273' title='bbox 995 3272 1215 3358; x_wconf 90' lang='lat' dir='ltr'><strong>presentibus,</strong></span> <span class='ocrx_word' id='word_1_274' title='bbox 1246 3294 1343 3357; x_wconf 91' lang='lat' dir='ltr'><strong>quam</strong></span> <span class='ocrx_word' id='word_1_275' title='bbox 1372 3272 1506 3350; x_wconf 85' lang='lat' dir='ltr'><strong>futuris,</strong></span> <span class='ocrx_word' id='word_1_276' title='bbox 1535 3275 1581 3352; x_wconf 82' lang='lat' dir='ltr'><strong>ut,</strong></span> <span class='ocrx_word' id='word_1_277' title='bbox 1612 3335 1621 3350; x_wconf 68' lang='grc'>,</span> 
     </span>
     <span class='ocr_line' id='line_1_33' title="bbox 327 3361 1580 3448; baseline 0 -22"><span class='ocrx_word' id='word_1_278' title='bbox 327 3362 403 3447; x_wconf 91' lang='lat' dir='ltr'><strong>quia</strong></span> <span class='ocrx_word' id='word_1_279' title='bbox 426 3362 559 3428; x_wconf 88' lang='lat' dir='ltr'><strong>dilectus</strong></span> <span class='ocrx_word' id='word_1_280' title='bbox 582 3362 733 3448; x_wconf 89' lang='lat' dir='ltr'><strong>princeps</strong></span> <span class='ocrx_word' id='word_1_281' title='bbox 756 3365 866 3427; x_wconf 91' lang='lat' dir='ltr'><strong>noster</strong></span> <span class='ocrx_word' id='word_1_282' title='bbox 881 3362 1046 3442; x_wconf 92' lang='lat' dir='ltr'><strong>Henricus,</strong></span> <span class='ocrx_word' id='word_1_283' title='bbox 1070 3364 1180 3427; x_wconf 89' lang='lat' dir='ltr'><strong>sancte</strong></span> <span class='ocrx_word' id='word_1_284' title='bbox 1195 3361 1434 3427; x_wconf 85' lang='lat' dir='ltr'><strong>Ebredunensis</strong></span> <span class='ocrx_word' id='word_1_285' title='bbox 1449 3361 1580 3426; x_wconf 89' lang='lat' dir='ltr'><strong>ecclesie</strong></span> 
     </span>
     <span class='ocr_line' id='line_1_34' title="bbox 325 3450 1580 3538; baseline 0 -22"><span class='ocrx_word' id='word_1_286' title='bbox 325 3451 519 3517; x_wconf 84' lang='lat' dir='ltr'><strong>venerabilis</strong></span> <span class='ocrx_word' id='word_1_287' title='bbox 534 3453 800 3538; x_wconf 89' lang='lat' dir='ltr'><strong>archiepiscopus,</strong></span> <span class='ocrx_word' id='word_1_288' title='bbox 816 3451 1018 3516; x_wconf 89' lang='lat' dir='ltr'><strong>demandato</strong></span> <span class='ocrx_word' id='word_1_289' title='bbox 1035 3451 1157 3518; x_wconf 91' lang='lat' dir='ltr'><strong>domini</strong></span> <span class='ocrx_word' id='word_1_290' title='bbox 1171 3473 1257 3537; x_wconf 90' lang='lat' dir='ltr'><strong>pape</strong></span> <span class='ocrx_word' id='word_1_291' title='bbox 1267 3450 1450 3516; x_wconf 92' lang='lat' dir='ltr'><strong>Innocentii</strong></span> <span class='ocrx_word' id='word_1_292' title='bbox 1465 3451 1580 3536; x_wconf 89' lang='lat' dir='ltr'><strong>quarti,</strong></span> 
     </span>
     <span class='ocr_line' id='line_1_35' title="bbox 325 3540 1580 3627; baseline 0 -21"><span class='ocrx_word' id='word_1_293' title='bbox 325 3541 520 3606; x_wconf 88' lang='lat' dir='ltr'><strong>sanctissimi</strong></span> <span class='ocrx_word' id='word_1_294' title='bbox 542 3543 645 3627; x_wconf 90' lang='lat' dir='ltr'><strong>patris</strong></span> <span class='ocrx_word' id='word_1_295' title='bbox 668 3542 779 3622; x_wconf 87' lang='lat' dir='ltr'><strong>nostri,</strong></span> <span class='ocrx_word' id='word_1_296' title='bbox 804 3540 969 3607; x_wconf 88' lang='lat' dir='ltr'><strong>ecclesiam</strong></span> <span class='ocrx_word' id='word_1_297' title='bbox 985 3543 1247 3608; x_wconf 84' lang='lat' dir='ltr'><strong>Ebredunensem</strong></span> <span class='ocrx_word' id='word_1_298' title='bbox 1271 3561 1307 3604; x_wconf 90' lang='lat' dir='ltr'><strong>ac</strong></span> <span class='ocrx_word' id='word_1_299' title='bbox 1329 3540 1439 3604; x_wconf 91' lang='lat' dir='ltr'><strong>omnia</strong></span> <span class='ocrx_word' id='word_1_300' title='bbox 1454 3562 1512 3606; x_wconf 91' lang='lat' dir='ltr'><strong>sua</strong></span> <span class='ocrx_word' id='word_1_301' title='bbox 1527 3562 1580 3606; x_wconf 90' lang='lat' dir='ltr'><strong>re·</strong></span> 
     </span>
     <span class='ocr_line' id='line_1_36' title="bbox 324 3629 1579 3718; baseline -0.001 -23"><span class='ocrx_word' id='word_1_302' title='bbox 324 3629 476 3715; x_wconf 89' lang='lat' dir='ltr'><strong>linquens</strong></span> <span class='ocrx_word' id='word_1_303' title='bbox 500 3632 636 3718; x_wconf 82' lang='lat' dir='ltr'><strong>agenda,</strong></span> <span class='ocrx_word' id='word_1_304' title='bbox 659 3633 695 3698; x_wconf 94' lang='lat' dir='ltr'><strong>in</strong></span> <span class='ocrx_word' id='word_1_305' title='bbox 718 3634 827 3697; x_wconf 87' lang='lat' dir='ltr'><strong>sancte</strong></span> <span class='ocrx_word' id='word_1_306' title='bbox 851 3632 964 3696; x_wconf 85' lang='lat' dir='ltr'><strong>matris</strong></span> <span class='ocrx_word' id='word_1_307' title='bbox 988 3632 1127 3708; x_wconf 88' lang='lat' dir='ltr'><strong>ecclesie,</strong></span> <span class='ocrx_word' id='word_1_308' title='bbox 1149 3631 1297 3695; x_wconf 89' lang='lat' dir='ltr'><strong>nostrum</strong></span> <span class='ocrx_word' id='word_1_309' title='bbox 1320 3632 1354 3694; x_wconf 90' lang='lat' dir='ltr'><strong>et</strong></span> <span class='ocrx_word' id='word_1_310' title='bbox 1375 3629 1579 3715; x_wconf 81' lang='lat' dir='ltr'><strong>imperiiob·</strong></span> 
     </span>
     <span class='ocr_line' id='line_1_37' title="bbox 326 3718 1579 3807; baseline 0 -24"><span class='ocrx_word' id='word_1_311' title='bbox 326 3721 481 3804; x_wconf 88' lang='lat' dir='ltr'><strong>sequium,</strong></span> <span class='ocrx_word' id='word_1_312' title='bbox 506 3743 611 3805; x_wconf 91' lang='lat' dir='ltr'><strong>nuper</strong></span> <span class='ocrx_word' id='word_1_313' title='bbox 634 3721 674 3806; x_wconf 90' lang='lat' dir='ltr'><strong>ad</strong></span> <span class='ocrx_word' id='word_1_314' title='bbox 690 3723 818 3807; x_wconf 88' lang='lat' dir='ltr'><strong>tempus</strong></span> <span class='ocrx_word' id='word_1_315' title='bbox 834 3743 868 3786; x_wconf 87' lang='lat' dir='ltr'><strong>se</strong></span> <span class='ocrx_word' id='word_1_316' title='bbox 884 3722 1061 3802; x_wconf 89' lang='lat' dir='ltr'><strong>transtulit,</strong></span> <span class='ocrx_word' id='word_1_317' title='bbox 1085 3722 1120 3786; x_wconf 93' lang='lat' dir='ltr'><strong>in</strong></span> <span class='ocrx_word' id='word_1_318' title='bbox 1143 3718 1256 3784; x_wconf 90' lang='lat' dir='ltr'><strong>eodem</strong></span> <span class='ocrx_word' id='word_1_319' title='bbox 1278 3718 1372 3783; x_wconf 92' lang='lat' dir='ltr'><strong>nobis</strong></span> <span class='ocrx_word' id='word_1_320' title='bbox 1394 3718 1579 3784; x_wconf 87' lang='lat' dir='ltr'><strong>videntibus</strong></span> 
     </span>
     <span class='ocr_line' id='line_1_38' title="bbox 325 3808 1578 3895; baseline 0 -23"><span class='ocrx_word' id='word_1_321' title='bbox 325 3810 358 3873; x_wconf 90' lang='lat' dir='ltr'><strong>et</strong></span> <span class='ocrx_word' id='word_1_322' title='bbox 380 3809 585 3875; x_wconf 87' lang='lat' dir='ltr'><strong>audientibus</strong></span> <span class='ocrx_word' id='word_1_323' title='bbox 608 3810 784 3895; x_wconf 91' lang='lat' dir='ltr'><strong>prudenter</strong></span> <span class='ocrx_word' id='word_1_324' title='bbox 806 3812 839 3874; x_wconf 93' lang='lat' dir='ltr'><strong>et</strong></span> <span class='ocrx_word' id='word_1_325' title='bbox 866 3811 1004 3875; x_wconf 91' lang='lat' dir='ltr'><strong>fideliter</strong></span> <span class='ocrx_word' id='word_1_326' title='bbox 1034 3811 1217 3887; x_wconf 86' lang='lat' dir='ltr'><strong>elaborans,</strong></span> <span class='ocrx_word' id='word_1_327' title='bbox 1248 3808 1413 3873; x_wconf 84' lang='lat' dir='ltr'><strong>civitatem</strong></span> <span class='ocrx_word' id='word_1_328' title='bbox 1434 3808 1578 3873; x_wconf 84' lang='lat' dir='ltr'><strong>Ebredu·</strong></span> 
     </span>
     <span class='ocr_line' id='line_1_39' title="bbox 325 3896 1579 3986; baseline -0.002 -24"><span class='ocrx_word' id='word_1_329' title='bbox 325 3919 469 3980; x_wconf 67' lang='lat' dir='ltr'><strong>nentem,</strong></span> <span class='ocrx_word' id='word_1_330' title='bbox 492 3901 605 3978; x_wconf 90' lang='lat' dir='ltr'><strong>castra,</strong></span> <span class='ocrx_word' id='word_1_331' title='bbox 628 3899 730 3978; x_wconf 89' lang='lat' dir='ltr'><strong>villas,</strong></span> <span class='ocrx_word' id='word_1_332' title='bbox 754 3899 884 3984; x_wconf 89' lang='lat' dir='ltr'><strong>oppida,</strong></span> <span class='ocrx_word' id='word_1_333' title='bbox 907 3900 1136 3986; x_wconf 89' lang='lat' dir='ltr'><strong>possessiones,</strong></span> <span class='ocrx_word' id='word_1_334' title='bbox 1160 3897 1265 3976; x_wconf 89' lang='lat' dir='ltr'><strong>feuda,</strong></span> <span class='ocrx_word' id='word_1_335' title='bbox 1289 3896 1433 3975; x_wconf 88' lang='lat' dir='ltr'><strong>servitia,</strong></span> <span class='ocrx_word' id='word_1_336' title='bbox 1456 3918 1579 3975; x_wconf 89' lang='lat' dir='ltr'><strong>census,</strong></span> 
     </span>
     <span class='ocr_line' id='line_1_40' title="bbox 324 3985 1580 4075; baseline -0.002 -24"><span class='ocrx_word' id='word_1_337' title='bbox 324 3989 512 4071; x_wconf 88' lang='lat' dir='ltr'><strong>pensiones,</strong></span> <span class='ocrx_word' id='word_1_338' title='bbox 533 3988 689 4074; x_wconf 87' lang='lat' dir='ltr'><strong>justitias,</strong></span> <span class='ocrx_word' id='word_1_339' title='bbox 712 3988 898 4066; x_wconf 89' lang='lat' dir='ltr'><strong>laudismia,</strong></span> <span class='ocrx_word' id='word_1_340' title='bbox 922 3989 1070 4075; x_wconf 87' lang='lat' dir='ltr'><strong>pedagia,</strong></span> <span class='ocrx_word' id='word_1_341' title='bbox 1093 3988 1253 4065; x_wconf 91' lang='lat' dir='ltr'><strong>tholonea,</strong></span> <span class='ocrx_word' id='word_1_342' title='bbox 1273 3987 1357 4070; x_wconf 89' lang='lat' dir='ltr'><strong>jura,</strong></span> <span class='ocrx_word' id='word_1_343' title='bbox 1381 3985 1523 4050; x_wconf 91' lang='lat' dir='ltr'><strong>dominia</strong></span> <span class='ocrx_word' id='word_1_344' title='bbox 1547 3986 1580 4049; x_wconf 91' lang='lat' dir='ltr'><strong>et</strong></span> 
     </span>
     <span class='ocr_line' id='line_1_41' title="bbox 325 4074 1579 4163; baseline -0.004 -21"><span class='ocrx_word' id='word_1_345' title='bbox 325 4079 418 4160; x_wconf 87' lang='lat' dir='ltr'><strong>quasi</strong></span> <span class='ocrx_word' id='word_1_346' title='bbox 440 4080 592 4161; x_wconf 89' lang='lat' dir='ltr'><strong>dominia,</strong></span> <span class='ocrx_word' id='word_1_347' title='bbox 617 4083 649 4145; x_wconf 93' lang='lat' dir='ltr'><strong>et</strong></span> <span class='ocrx_word' id='word_1_348' title='bbox 672 4079 781 4144; x_wconf 91' lang='lat' dir='ltr'><strong>omnia</strong></span> <span class='ocrx_word' id='word_1_349' title='bbox 805 4079 869 4144; x_wconf 88' lang='lat' dir='ltr'><strong>alia</strong></span> <span class='ocrx_word' id='word_1_350' title='bbox 890 4078 977 4143; x_wconf 87' lang='lat' dir='ltr'><strong>bona</strong></span> <span class='ocrx_word' id='word_1_351' title='bbox 999 4077 1177 4163; x_wconf 90' lang='lat' dir='ltr'><strong>corporalia</strong></span> <span class='ocrx_word' id='word_1_352' title='bbox 1200 4078 1233 4140; x_wconf 90' lang='lat' dir='ltr'><strong>et</strong></span> <span class='ocrx_word' id='word_1_353' title='bbox 1255 4074 1484 4159; x_wconf 89' lang='lat' dir='ltr'><strong>incorporalia,</strong></span> <span class='ocrx_word' id='word_1_354' title='bbox 1507 4095 1579 4138; x_wconf 90' lang='lat' dir='ltr'><strong>cum</strong></span> 
     </span>
    </p>
   </div>
   <div class='ocr_carea' id='block_1_7' title="bbox 325 4162 1708 4524">
    <p class='ocr_par' dir='ltr' id='par_1_7' title="bbox 325 4162 1708 4524">
     <span class='ocr_line' id='line_1_42' title="bbox 325 4162 1579 4254; baseline -0.003 -24"><span class='ocrx_word' id='word_1_355' title='bbox 325 4168 531 4251; x_wconf 90' lang='lat' dir='ltr'><strong>pertinentiis</strong></span> <span class='ocrx_word' id='word_1_356' title='bbox 551 4171 617 4236; x_wconf 87' lang='lat' dir='ltr'><strong>suis</strong></span> <span class='ocrx_word' id='word_1_357' title='bbox 639 4169 797 4247; x_wconf 91' lang='lat' dir='ltr'><strong>omnibus,</strong></span> <span class='ocrx_word' id='word_1_358' title='bbox 821 4191 882 4254; x_wconf 93' lang='lat' dir='ltr'><strong>que</strong></span> <span class='ocrx_word' id='word_1_359' title='bbox 899 4167 985 4232; x_wconf 92' lang='lat' dir='ltr'><strong>idem</strong></span> <span class='ocrx_word' id='word_1_360' title='bbox 1001 4167 1257 4252; x_wconf 87' lang='lat' dir='ltr'><strong>archiepiscopus</strong></span> <span class='ocrx_word' id='word_1_361' title='bbox 1272 4165 1324 4229; x_wconf 84' lang='lat' dir='ltr'><strong>vel</strong></span> <span class='ocrx_word' id='word_1_362' title='bbox 1340 4162 1579 4249; x_wconf 86' lang='lat' dir='ltr'><strong>predecessores</strong></span> 
     </span>
     <span class='ocr_line' id='line_1_43' title="bbox 325 4251 1578 4343; baseline -0.004 -23"><span class='ocrx_word' id='word_1_363' title='bbox 325 4256 376 4321; x_wconf 92' lang='lat' dir='ltr'><strong>sui</strong></span> <span class='ocrx_word' id='word_1_364' title='bbox 397 4258 434 4323; x_wconf 93' lang='lat' dir='ltr'><strong>in</strong></span> <span class='ocrx_word' id='word_1_365' title='bbox 456 4259 692 4338; x_wconf 83' lang='lat' dir='ltr'><strong>Ebredunensi,</strong></span> <span class='ocrx_word' id='word_1_366' title='bbox 716 4257 915 4343; x_wconf 90' lang='lat' dir='ltr'><strong>Vapincensi</strong></span> <span class='ocrx_word' id='word_1_367' title='bbox 944 4259 977 4321; x_wconf 94' lang='lat' dir='ltr'><strong>et</strong></span> <span class='ocrx_word' id='word_1_368' title='bbox 998 4255 1190 4321; x_wconf 83' lang='lat' dir='ltr'><strong>Taurinensi</strong></span> <span class='ocrx_word' id='word_1_369' title='bbox 1220 4253 1397 4320; x_wconf 87' lang='lat' dir='ltr'><strong>diocesibus</strong></span> <span class='ocrx_word' id='word_1_370' title='bbox 1422 4252 1496 4337; x_wconf 85' lang='lat' dir='ltr'><strong>jure</strong></span> <span class='ocrx_word' id='word_1_371' title='bbox 1525 4251 1578 4316; x_wconf 91' lang='lat' dir='ltr'><strong>in-</strong></span> 
     </span>
     <span class='ocr_line' id='line_1_44' title="bbox 325 4341 1579 4432; baseline -0.003 -24"><span class='ocrx_word' id='word_1_372' title='bbox 325 4347 518 4429; x_wconf 90' lang='lat' dir='ltr'><strong>stitutionis,</strong></span> <span class='ocrx_word' id='word_1_373' title='bbox 548 4348 810 4426; x_wconf 87' lang='lat' dir='ltr'><strong>mortuariorum,</strong></span> <span class='ocrx_word' id='word_1_374' title='bbox 840 4348 1038 4432; x_wconf 87' lang='lat' dir='ltr'><strong>legatorum,</strong></span> <span class='ocrx_word' id='word_1_375' title='bbox 1067 4345 1265 4422; x_wconf 91' lang='lat' dir='ltr'><strong>relictorum,</strong></span> <span class='ocrx_word' id='word_1_376' title='bbox 1289 4341 1497 4428; x_wconf 88' lang='lat' dir='ltr'><strong>judicationis</strong></span> <span class='ocrx_word' id='word_1_377' title='bbox 1519 4361 1579 4426; x_wconf 89' lang='lat' dir='ltr'><strong>pro</strong></span> 
     </span>
     <span class='ocr_line' id='line_1_45' title="bbox 325 4432 1708 4524; baseline -0.009 -18"><span class='ocrx_word' id='word_1_378' title='bbox 325 4437 448 4524; x_wconf 77' lang='lat' dir='ltr'><strong>anima,</strong></span> <span class='ocrx_word' id='word_1_379' title='bbox 479 4438 677 4518; x_wconf 87' lang='lat' dir='ltr'><strong>donationis,</strong></span> <span class='ocrx_word' id='word_1_380' title='bbox 709 4436 897 4523; x_wconf 87' lang='lat' dir='ltr'><strong>emptionis,</strong></span> <span class='ocrx_word' id='word_1_381' title='bbox 927 4434 1175 4521; x_wconf 86' lang='lat' dir='ltr'><strong>permutationis</strong></span> <span class='ocrx_word' id='word_1_382' title='bbox 1206 4436 1262 4499; x_wconf 92' lang='lat' dir='ltr'><strong>aut</strong></span> <span class='ocrx_word' id='word_1_383' title='bbox 1293 4432 1355 4497; x_wconf 89' lang='lat' dir='ltr'><strong>alio</strong></span> <span class='ocrx_word' id='word_1_384' title='bbox 1379 4452 1578 4518; x_wconf 86' lang='lat' dir='ltr'><strong>quocumque</strong></span> <span class='ocrx_word' id='word_1_385' title='bbox 1707 4469 1708 4486; x_wconf 64' lang='lat'>2</span> 
     </span>
    </p>
   </div>
   <div class='ocr_carea' id='block_1_8' title="bbox 0 0 1736 5280">
    <p class='ocr_par' dir='ltr' id='par_1_8' title="bbox 0 0 1736 5280">
     <span class='ocr_line' id='line_1_46' title="bbox 0 0 1736 5280; baseline 0 2"><span class='ocrx_word' id='word_1_386' title='bbox 0 0 1736 5280; x_wconf 95' lang='lat' dir='ltr'><strong> </strong></span> 
     </span>
    </p>
   </div>
  </div>
 </body>
</html>
