3464 5280
298 522 359 585 142

291 680 419 765 justitia
442 682 553 745 eontra
577 678 715 745 eundem
739 702 833 745 avum
857 677 967 744 multis
991 681 1135 763 spectata
1158 678 1265 758 oculis,
1288 679 1399 744 multis
1414 679 1552 764 probata

295 770 451 848 sensibus,
481 770 592 834 multis
622 770 757 854 insuper
786 769 914 833 intuto
938 769 1049 834 locatis
1072 769 1281 833 consensibus
1303 769 1339 833 in
1363 768 1482 846 eodem,
1515 770 1552 832 ut

294 858 507 944 premisimus,
530 859 663 923 concilio
693 858 854 923 diffinivit.
898 855 959 921 Sed
991 880 1060 922 ecce
1086 858 1156 941 jam
1185 857 1293 942 prodit
1321 858 1357 922 in
1387 857 1551 941 publicum

295 969 362 1013 non
384 950 549 1013 transfusa
571 970 643 1013 cum
667 947 788 1012 semine
812 948 1056 1032 progenitorum
1079 947 1243 1031 iniquitas,
1267 947 1323 1012 sed
1342 945 1382 1011 ad
1398 949 1550 1031 nepotem

294 1037 508 1123 improvidum
532 1059 590 1123 per
613 1037 697 1102 avite
721 1037 828 1121 potius
852 1035 1086 1120 magnitudinis
1106 1037 1271 1114 ambitum,
1295 1037 1384 1120 cujus
1400 1036 1449 1099 illi
1464 1057 1549 1100 sem-

294 1147 353 1211 per
374 1127 542 1191 refricatur
564 1126 726 1205 memoria,
749 1128 870 1189 temere
893 1129 1082 1211 propagata.
1127 1127 1205 1190 Ecce
1236 1126 1332 1190 nimis
1354 1146 1549 1210 prepropere

294 1215 436 1280 tumidus
460 1215 644 1280 adolescens
668 1217 753 1279 ultra
776 1215 917 1298 seipsum
941 1215 1091 1300 erigitur,
1119 1216 1188 1299 jam
1219 1216 1339 1279 ambire
1363 1216 1466 1279 fertur
1488 1215 1549 1279 im·

294 1305 428 1388 perium,
448 1306 518 1388 jam
542 1305 602 1370 sibi
618 1303 721 1369 Sicilie
744 1325 892 1389 regnum,
915 1304 1087 1368 intitulans
1111 1327 1144 1369 se
1160 1305 1253 1390 regni
1271 1304 1414 1388 ejusdem
1428 1325 1550 1388 regem,

295 1392 484 1459 denominat
514 1397 546 1458 et
575 1417 649 1459 cum
678 1393 838 1476 aliquibus
868 1392 1005 1457 inimicis
1037 1393 1180 1471 ecclesie,
1204 1392 1409 1471 hembardis,
1432 1392 1549 1470 Tuscis

294 1482 489 1548 Marchianis
506 1487 539 1547 et
558 1483 680 1573 Apulis,
704 1483 853 1566 precipue
877 1482 915 1545 de
938 1504 1041 1567 regno
1064 1483 1205 1566 predicto
1228 1483 1383 1568 profugis,
1408 1503 1487 1567 quos
1511 1482 1550 1546 de

294 1593 397 1658 regno
420 1573 490 1658 ipso
514 1573 582 1637 sola
601 1571 797 1637 conscientia
813 1573 846 1635 et
861 1572 991 1655 propria
1007 1571 1132 1637 malitia
1148 1572 1312 1657 effugavit,
1335 1570 1550 1636 fraudulentis

295 1683 328 1725 88
338 1662 532 1746 implicando
542 1661 745 1738 commerciis,
762 1661 796 1724 in
806 1660 936 1738 Urbem,
952 1661 1186 1738 Lombardiam,
1201 1661 1346 1726 Tusciam
1363 1664 1396 1725 et
1411 1681 1470 1744 per
1485 1661 1549 1725 alia

293 1751 363 1815 loca
385 1751 510 1816 diversa
531 1751 656 1815 litteras
679 1773 753 1814 suas
778 1749 966 1814 disseminat
989 1751 1047 1814 s'ub
1071 1752 1120 1815 sui
1139 1751 1343 1835 expressione
1359 1750 1500 1814 nominis
1517 1753 1551 1814 et

293 1839 513 1904 intitulatione
537 1841 693 1925 premissa
715 1839 842 1923 typario
864 1839 954 1924 regie
977 1840 1156 1923 majestatis
1179 1841 1360 1925 impressas,
1384 1840 1467 1904 sicut
1489 1861 1549 1904 nos

294 1928 475 1994 litterarum
491 1929 665 1994 Conradini
680 1928 823 2013 ejusdem
844 1928 1001 2012 inspectio
1024 1929 1085 1992 fide
1109 1930 1216 1993 docuit
1238 1930 1371 2009 oculata,
1395 1951 1454 2014 per
1469 1950 1549 2014 quas

294 2039 491 2084 commovere
515 2020 670 2103 populum
693 2021 729 2082 et
748 2017 878 2082 trubare
902 2041 1013 2102 pacem
1037 2017 1166 2084 ecclesie
1190 2019 1313 2096 nititur,
1336 2019 1372 2083 in
1393 2021 1548 2096 nostrum,

294 2108 424 2172 ecclesie
448 2108 550 2192 ipsius
574 2111 607 2172 et
629 2107 785 2174 carissimi
807 2109 842 2171 in
868 2104 993 2172 Christo
1016 2108 1074 2172 filii
1097 2109 1199 2172 nostri
1216 2107 1320 2172 Caroli
1335 2106 1438 2172 Sicilie
1461 2107 1548 2192 regis

293 2196 428 2261 illustris
451 2197 662 2282 prejudicium
686 2198 719 2260 et
742 2196 920 2260 discrimen.
966 2196 1034 2260 Nos
1057 2198 1165 2282 itaque
1190 2219 1256 2261 non
1280 2218 1453 2281 personam
1471 2218 1547 2281 per-

294 2289 474 2370 sequentes,
499 2286 555 2351 sed
578 2287 650 2350 odio
666 2287 808 2370 perfecto
823 2285 926 2370 ipsius
942 2285 1086 2351 odientes
1103 2287 1259 2351 malitiam
1276 2289 1309 2350 et
1324 2307 1548 2372 perversorum

294 2396 424 2439 suorum
447 2378 619 2440 conatuum
643 2376 744 2440 initiis
768 2378 976 2453 occurrentes,
1000 2379 1152 2460 presente
1182 2376 1242 2440 hac
1272 2376 1412 2440 fidelium
1438 2375 1547 2441 multi·

293 2464 421 2543 tudine,
452 2464 490 2530 de
523 2467 660 2530 fratrum
683 2467 865 2529 nostrorum
888 2464 1035 2542 consilia,
1067 2466 1170 2531 eidem
1195 2465 1376 2530 Conradino
1406 2465 1547 2530 districte

292 2553 497 2640 precipimus
521 2557 557 2618 ut
580 2579 599 2618 a
622 2553 787 2640 premissis
810 2576 940 2638 prorsus
965 2555 1134 2634 abstineat,
1158 2554 1330 2620 districtius
1353 2554 1547 2633 inhibentes,

293 2664 336 2707 88
360 2644 477 2716 similia
501 2647 636 2729 usurpet
655 2647 710 2709 aut
725 2647 891 2730 presumat
906 2643 1049 2723 ulterius
1073 2646 1206 2710 solerter
1222 2644 1401 2721 advertens,
1426 2645 1547 2728 quante

293 2732 337 2797 sit
358 2734 551 2797 temeritatis
575 2736 795 2817 quantumque
815 2733 978 2798 coercione
994 2734 1130 2819 (lignum
1145 2736 1254 2819 legum
1271 2733 1393 2797 sanctio
1409 2734 1547 2810 censeat,

292 2821 374 2886 falso
398 2823 517 2886 nedum
539 2823 666 2908 regium
689 2844 808 2886 nomen
824 2845 994 2901 assumere,
1018 2823 1073 2887 sed
1091 2823 1188 2887 etiam
1204 2822 1357 2906 simplicis
1373 2821 1547 2908 magistra·

292 2912 345 2974 tus
368 2914 402 2975 et
424 2914 618 2995 potestatem
642 2911 770 2976 ecclesie
794 2911 981 2996 diligentius
1002 2912 1181 2988 attendens,
1206 2935 1277 2995 que,
1300 2911 1382 2975 sicut
1404 2911 1547 2995 ejusdem

294 3022 390 3064 avum
410 3001 497 3084 justo
516 3000 636 3084 judicio
660 2999 795 3065 nudavit
824 3001 975 3084 imperio,
1006 3023 1109 3086 regno
1131 3001 1234 3065 Sicilie
1266 3001 1441 3084 ceterisque
1471 3013 1546 3084 pre·

292 3089 406 3167 missis,
431 3089 476 3153 sic
499 3092 531 3153 et
554 3112 626 3154 eum
649 3091 747 3154 imn10
771 3091 871 3154 multo
891 3090 1023 3169 facilius,
1046 3092 1141 3175 regni
1157 3090 1410 3156 Jerosolimitani
1425 3089 1546 3153 honore

294 3178 429 3264 aliisque
453 3178 683 3264 dignitatibus,
707 3179 799 3244 bonis
824 3183 856 3243 et
875 3180 1017 3262 juribus,
1041 3180 1069 3244 si
1092 3202 1156 3264 qua
1178 3179 1291 3257 habet,
1315 3178 1544 3263 proculdubio

293 3267 416 3332 nudare
439 3269 561 3353 poterit
583 3271 617 3333 et
633 3268 762 3352 justitia
784 3268 939 3334 suadente
970 3268 1119 3346 nudabit,
1151 3269 1215 3360 nisi
1238 3268 1369 3332 consilio
1393 3267 1454 3332 sibi
1476 3289 1545 3331 me·

293 3357 372 3422 liore
397 3357 566 3442 provideat
588 3361 621 3426 et
644 3358 728 3422 sedis
752 3358 923 3442 apostolice
953 3358 1163 3443 beneplacitis
1194 3380 1227 3422 se
1250 3359 1386 3441 coaptet.
1431 3356 1544 3421 Prohi-

294 3445 407 3512 bemus
436 3446 570 3531 insuper
600 3447 757 3511 universis
788 3451 821 3512 et
850 3447 987 3532 singulis
1012 3446 1130 3512 Christi
1152 3446 1313 3525 fidelibus,
1335 3467 1378 3509 ne
1401 3445 1545 3531 predicto

296 3534 477 3601 Conradino
501 3539 538 3600 ut
554 3536 627 3620 regi
641 3534 744 3600 Sicilie
769 3537 918 3613 scribant,
942 3559 1001 3600 nec
1024 3537 1064 3601 ab
1086 3537 1158 3621 ipso
1180 3536 1306 3600 litteras
1329 3535 1418 3599 velut
1433 3558 1452 3599 a
1466 3555 1544 3618 rege

293 3627 350 3688 aut
372 3624 431 3689 sub
455 3625 620 3710 premissis
642 3625 871 3702 intitulatione,
896 3625 1160 3689 denominatione
1184 3626 1235 3689 vel
1258 3623 1469 3709 impressione
1492 3645 1544 3687 re·

293 3712 424 3798 cipiant,
448 3735 529 3778 neve
552 3715 588 3778 in
611 3737 684 3778 eum
707 3715 744 3777 ut
764 3715 800 3778 in
815 3713 918 3779 Sicilie
942 3736 1053 3800 regem
1076 3713 1251 3779 intendant
1273 3735 1332 3778 nec
1354 3735 1425 3777 eum
1449 3712 1545 3777 armis

209 3827 213 3834 ·
293 3803 344 3867 vel
368 3802 438 3867 sine
462 3803 573 3879 armis,
597 3804 681 3868 facto
704 3803 755 3868 vel
779 3804 874 3868 verbo
898 3808 955 3869 aut
978 3804 1057 3869 alias
1088 3803 1325 3888 quomodolibet
1348 3801 1388 3866 ad
1411 3802 1547 3867 turban-

293 3883 367 3956 dam
398 3891 526 3956 ecclesie
556 3893 700 3957 Romane
729 3914 841 3978 pacem
871 3895 922 3958 vel
952 3896 1064 3958 contra
1093 3892 1272 3977 predictum
1302 3913 1413 3977 regem
1442 3889 1545 3955 Sicilie

293 3982 441 4066 prestent
472 3981 502 4045 ei
534 3981 721 4059 eonsilium,
754 3982 908 4046 auxilium
940 3983 991 4049 vel
1023 3985 1174 4046 favorem.
1220 3980 1407 4066 Specialiter
1438 3983 1546 4044 autem

293 4069 543 4149 marchionibus,
566 4070 748 4148 comitibus,
780 4071 962 4149 baronibus,
993 4070 1183 4149 civitatibus,
1207 4069 1488 4136 communitatibus
1513 4070 1546 4132 et

293 4159 557 4225 universitatibus
577 4161 761 4238 castrorum,
784 4161 933 4225 uillarum
956 4161 989 4224 et
1009 4181 1279 4244 quorumcumque
1296 4160 1436 4223 locorum
1451 4159 1545 4222 Italic

293 4248 498 4333 prohibemus
523 4271 679 4335 expresse,
703 4271 745 4313 88
767 4250 869 4334 ipsius
893 4248 1068 4313 Conradini
1091 4249 1232 4313 dominio
1263 4249 1314 4314 vel
1336 4247 1489 4334 regimini
1511 4268 1545 4311 se

293 4341 481 4423 supponant
504 4342 560 4403 aut
583 4361 656 4403 eum
679 4340 730 4403 vel
753 4361 812 4424 pro
836 4360 873 4402 eo
897 4361 954 4402 888
976 4338 1012 4402 in
1035 4338 1178 4403 favorem
1200 4338 1302 4422 ipsius
1322 4338 1420 4402 alium
1435 4337 1470 4402 in
1486 4357 1545 4422 po·

294 4428 446 4491 testatem
462 4427 513 4490 vel
528 4430 692 4506 rectorem,
717 4449 915 4513 quocumque
931 4427 1062 4493 nomine
1085 4430 1262 4506 censeatur,
1287 4425 1470 4504 admittant,
1494 4424 1546 4490 vel

294 4516 324 4584 ei
347 4518 403 4580 aut
426 4514 481 4581 alii
503 4535 562 4604 pro
585 4517 655 4603 ipso
675 4540 732 4582 seu
747 4517 783 4582 in
799 4519 942 4584 favorem
965 4517 1066 4604 ipsius
1090 4517 1266 4583 dominium
1290 4520 1347 4582 aut
1368 4537 1462 4603 posse
1486 4515 1545 4580 ali-
