<?xml version="1.0" encoding="UTF-8"?>
<!DOCTYPE html PUBLIC "-//W3C//DTD XHTML 1.0 Transitional//EN"
    "http://www.w3.org/TR/xhtml1/DTD/xhtml1-transitional.dtd">
<html xmlns="http://www.w3.org/1999/xhtml" xml:lang="en" lang="en">
 <head>
  <title>
</title>
<meta http-equiv="Content-Type" content="text/html;charset=utf-8" />
  <meta name='ocr-system' content='tesseract 3.04.00' />
  <meta name='ocr-capabilities' content='ocr_page ocr_carea ocr_par ocr_line ocrx_word'/>
</head>
<body>
  <div class='ocr_page' id='page_1' title='image "analectavatican00possgoog_0015.png"; bbox 0 0 3404 5280; ppageno 0'>
   <div class='ocr_carea' id='block_1_1' title="bbox 298 527 346 596">
    <p class='ocr_par' dir='ltr' id='par_1_1' title="bbox 298 527 346 596">
     <span class='ocr_line' id='line_1_1' title="bbox 298 527 346 596; baseline 0 0"><span class='ocrx_word' id='word_1_1' title='bbox 298 527 346 596; x_wconf 84' lang='lat' dir='ltr'><strong>v1</strong></span> 
     </span>
    </p>
   </div>
   <div class='ocr_carea' id='block_1_2' title="bbox 291 705 1546 2039">
    <p class='ocr_par' dir='ltr' id='par_1_2' title="bbox 292 705 1544 1415">
     <span class='ocr_line' id='line_1_2' title="bbox 295 705 1542 791; baseline 0.002 -21"><span class='ocrx_word' id='word_1_2' title='bbox 295 707 362 771; x_wconf 88' lang='lat' dir='ltr'><strong>sint</strong></span> <span class='ocrx_word' id='word_1_3' title='bbox 383 705 561 782; x_wconf 79' lang='lat' dir='ltr'><strong>tractaturi,</strong></span> <span class='ocrx_word' id='word_1_4' title='bbox 583 705 640 770; x_wconf 85' lang='lat' dir='ltr'><strong>fiat</strong></span> <span class='ocrx_word' id='word_1_5' title='bbox 660 706 759 789; x_wconf 81' lang='lat' dir='ltr'><strong>copia,</strong></span> <span class='ocrx_word' id='word_1_6' title='bbox 782 706 823 770; x_wconf 86' lang='lat' dir='ltr'><strong>ad</strong></span> <span class='ocrx_word' id='word_1_7' title='bbox 845 707 950 770; x_wconf 89' lang='lat' dir='ltr'><strong>bullas</strong></span> <span class='ocrx_word' id='word_1_8' title='bbox 970 707 1117 791; x_wconf 84' lang='lat' dir='ltr'><strong>singulas</strong></span> <span class='ocrx_word' id='word_1_9' title='bbox 1134 705 1242 770; x_wconf 90' lang='lat' dir='ltr'><strong>addidi</strong></span> <span class='ocrx_word' id='word_1_10' title='bbox 1258 707 1409 772; x_wconf 90' lang='lat' dir='ltr'><strong>volumen</strong></span> <span class='ocrx_word' id='word_1_11' title='bbox 1431 728 1542 772; x_wconf 88' lang='lat' dir='ltr'><strong>nume·</strong></span> 
     </span>
     <span class='ocr_line' id='line_1_3' title="bbox 293 829 1541 916; baseline 0.002 -22"><span class='ocrx_word' id='word_1_12' title='bbox 293 851 429 916; x_wconf 88' lang='lat' dir='ltr'><strong>rumque</strong></span> <span class='ocrx_word' id='word_1_13' title='bbox 450 830 658 894; x_wconf 87' lang='lat' dir='ltr'><strong>bullariorum</strong></span> <span class='ocrx_word' id='word_1_14' title='bbox 672 829 708 893; x_wconf 91' lang='lat' dir='ltr'><strong>in</strong></span> <span class='ocrx_word' id='word_1_15' title='bbox 724 831 945 894; x_wconf 86' lang='lat' dir='ltr'><strong>secretionhns</strong></span> <span class='ocrx_word' id='word_1_16' title='bbox 961 831 1098 896; x_wconf 80' lang='lat' dir='ltr'><strong>archivis</strong></span> <span class='ocrx_word' id='word_1_17' title='bbox 1114 833 1280 898; x_wconf 87' lang='lat' dir='ltr'><strong>Vaticanis</strong></span> <span class='ocrx_word' id='word_1_18' title='bbox 1295 832 1541 898; x_wconf 84' lang='lat' dir='ltr'><strong>adservatorum</strong></span> 
     </span>
     <span class='ocr_line' id='line_1_4' title="bbox 295 954 1544 1042; baseline 0 -22"><span class='ocrx_word' id='word_1_19' title='bbox 295 954 386 1020; x_wconf 79' lang='lat' dir='ltr'><strong>Addo</strong></span> <span class='ocrx_word' id='word_1_20' title='bbox 409 975 474 1034; x_wconf 85' lang='lat' dir='ltr'><strong>cos,</strong></span> <span class='ocrx_word' id='word_1_21' title='bbox 497 955 553 1041; x_wconf 92' lang='lat' dir='ltr'><strong>qui</strong></span> <span class='ocrx_word' id='word_1_22' title='bbox 575 954 626 1019; x_wconf 91' lang='lat' dir='ltr'><strong>his</strong></span> <span class='ocrx_word' id='word_1_23' title='bbox 648 957 797 1038; x_wconf 84' lang='lat' dir='ltr'><strong>presunt,</strong></span> <span class='ocrx_word' id='word_1_24' title='bbox 819 955 1005 1034; x_wconf 88' lang='lat' dir='ltr'><strong>dummodo,</strong></span> <span class='ocrx_word' id='word_1_25' title='bbox 1035 978 1099 1041; x_wconf 90' lang='lat' dir='ltr'><strong>quo</strong></span> <span class='ocrx_word' id='word_1_26' title='bbox 1129 957 1198 1021; x_wconf 92' lang='lat' dir='ltr'><strong>loco</strong></span> <span class='ocrx_word' id='word_1_27' title='bbox 1228 979 1354 1042; x_wconf 85' lang='lat' dir='ltr'><strong>queque</strong></span> <span class='ocrx_word' id='word_1_28' title='bbox 1381 957 1469 1022; x_wconf 85' lang='lat' dir='ltr'><strong>hulla</strong></span> <span class='ocrx_word' id='word_1_29' title='bbox 1501 957 1544 1021; x_wconf 86' lang='lat' dir='ltr'><strong>sit</strong></span> 
     </span>
     <span class='ocr_line' id='line_1_5' title="bbox 293 1079 1544 1174; baseline 0.002 -30"><span class='ocrx_word' id='word_1_30' title='bbox 293 1079 421 1164; x_wconf 67' lang='lat' dir='ltr'><strong>scripta</strong></span> <span class='ocrx_word' id='word_1_31' title='bbox 443 1082 587 1145; x_wconf 86' lang='lat' dir='ltr'><strong>accurate</strong></span> <span class='ocrx_word' id='word_1_32' title='bbox 609 1102 681 1144; x_wconf 90' lang='lat' dir='ltr'><strong>cum</strong></span> <span class='ocrx_word' id='word_1_33' title='bbox 703 1081 782 1164; x_wconf 84' lang='lat' dir='ltr'><strong>ipsis</strong></span> <span class='ocrx_word' id='word_1_34' title='bbox 803 1081 1063 1160; x_wconf 76' lang='lat' dir='ltr'>communicetur,</span> <span class='ocrx_word' id='word_1_35' title='bbox 1085 1081 1175 1146; x_wconf 85' lang='lat' dir='ltr'><strong>illam</strong></span> <span class='ocrx_word' id='word_1_36' title='bbox 1197 1085 1349 1167; x_wconf 81' lang='lat' dir='ltr'><strong>prompta</strong></span> <span class='ocrx_word' id='word_1_37' title='bbox 1372 1104 1443 1146; x_wconf 90' lang='lat' dir='ltr'><strong>cum</strong></span> <span class='ocrx_word' id='word_1_38' title='bbox 1468 1103 1544 1174; x_wconf 82' lang='lat' dir='ltr'><strong>cura</strong></span> 
     </span>
     <span class='ocr_line' id='line_1_6' title="bbox 294 1205 1542 1292; baseline 0 -23"><span class='ocrx_word' id='word_1_39' title='bbox 294 1225 364 1269; x_wconf 85' lang='lat' dir='ltr'><strong>esse</strong></span> <span class='ocrx_word' id='word_1_40' title='bbox 386 1205 658 1290; x_wconf 65' lang='lat' dir='ltr'><strong>uanaecriptumu</strong></span> <span class='ocrx_word' id='word_1_41' title='bbox 689 1207 763 1290; x_wconf 86' lang='lat' dir='ltr'><strong>lpse</strong></span> <span class='ocrx_word' id='word_1_42' title='bbox 785 1205 845 1270; x_wconf 92' lang='lat' dir='ltr'><strong>hoc</strong></span> <span class='ocrx_word' id='word_1_43' title='bbox 868 1206 937 1270; x_wconf 93' lang='lat' dir='ltr'><strong>loco</strong></span> <span class='ocrx_word' id='word_1_44' title='bbox 959 1209 1054 1292; x_wconf 79' lang='lat' dir='ltr'><strong>grato</strong></span> <span class='ocrx_word' id='word_1_45' title='bbox 1077 1208 1195 1292; x_wconf 89' lang='lat' dir='ltr'><strong>pioque</strong></span> <span class='ocrx_word' id='word_1_46' title='bbox 1219 1207 1328 1272; x_wconf 91' lang='lat' dir='ltr'><strong>animo</strong></span> <span class='ocrx_word' id='word_1_47' title='bbox 1350 1207 1454 1272; x_wconf 83' lang='lat' dir='ltr'><strong>iacere</strong></span> <span class='ocrx_word' id='word_1_48' title='bbox 1476 1226 1542 1270; x_wconf 94' lang='lat' dir='ltr'><strong>non</strong></span> 
     </span>
     <span class='ocr_line' id='line_1_7' title="bbox 292 1330 1542 1415; baseline 0.001 -21"><span class='ocrx_word' id='word_1_49' title='bbox 292 1350 434 1414; x_wconf 84' lang='lat' dir='ltr'><strong>possum,</strong></span> <span class='ocrx_word' id='word_1_50' title='bbox 458 1331 537 1414; x_wconf 89' lang='lat' dir='ltr'><strong>quin</strong></span> <span class='ocrx_word' id='word_1_51' title='bbox 559 1331 720 1415; x_wconf 83' lang='lat' dir='ltr'><strong>profitear,</strong></span> <span class='ocrx_word' id='word_1_52' title='bbox 743 1334 901 1415; x_wconf 89' lang='lat' dir='ltr'><strong>quantum</strong></span> <span class='ocrx_word' id='word_1_53' title='bbox 923 1331 987 1396; x_wconf 90' lang='lat' dir='ltr'><strong>illis</strong></span> <span class='ocrx_word' id='word_1_54' title='bbox 1010 1332 1070 1396; x_wconf 93' lang='lat' dir='ltr'><strong>hoc</strong></span> <span class='ocrx_word' id='word_1_55' title='bbox 1091 1333 1127 1396; x_wconf 93' lang='lat' dir='ltr'><strong>in</strong></span> <span class='ocrx_word' id='word_1_56' title='bbox 1149 1333 1231 1397; x_wconf 86' lang='lat' dir='ltr'><strong>libro</strong></span> <span class='ocrx_word' id='word_1_57' title='bbox 1253 1331 1378 1397; x_wconf 87' lang='lat' dir='ltr'><strong>edendo</strong></span> <span class='ocrx_word' id='word_1_58' title='bbox 1399 1330 1542 1396; x_wconf 81' lang='lat' dir='ltr'><strong>debeam.</strong></span> 
     </span>
    </p>

    <p class='ocr_par' dir='ltr' id='par_1_3' title="bbox 291 1454 1546 2039">
     <span class='ocr_line' id='line_1_8' title="bbox 320 1454 1543 1541; baseline -0.001 -22"><span class='ocrx_word' id='word_1_59' title='bbox 320 1523 326 1530; x_wconf 67' lang='grc'>,</span> <span class='ocrx_word' id='word_1_60' title='bbox 382 1454 494 1520; x_wconf 83' lang='lat' dir='ltr'><strong>Altera</strong></span> <span class='ocrx_word' id='word_1_61' title='bbox 516 1455 551 1519; x_wconf 93' lang='lat' dir='ltr'><strong>in</strong></span> <span class='ocrx_word' id='word_1_62' title='bbox 574 1458 667 1540; x_wconf 85' lang='lat' dir='ltr'><strong>parte</strong></span> <span class='ocrx_word' id='word_1_63' title='bbox 695 1455 831 1521; x_wconf 77' lang='lat' dir='ltr'><strong>edentur</strong></span> <span class='ocrx_word' id='word_1_64' title='bbox 857 1457 957 1534; x_wconf 82' lang='lat' dir='ltr'><strong>,Acta</strong></span> <span class='ocrx_word' id='word_1_65' title='bbox 978 1456 1154 1522; x_wconf 77' lang='lat' dir='ltr'><strong>Vaticana·</strong></span> <span class='ocrx_word' id='word_1_66' title='bbox 1181 1456 1319 1541; x_wconf 77' lang='lat' dir='ltr'><strong>aliquot,</strong></span> <span class='ocrx_word' id='word_1_67' title='bbox 1343 1476 1406 1540; x_wconf 90' lang='lat' dir='ltr'><strong>que</strong></span> <span class='ocrx_word' id='word_1_68' title='bbox 1429 1454 1478 1519; x_wconf 88' lang='lat' dir='ltr'><strong>ad</strong></span> <span class='ocrx_word' id='word_1_69' title='bbox 1492 1475 1543 1518; x_wconf 86' lang='lat' dir='ltr'><strong>res</strong></span> 
     </span>
     <span class='ocr_line' id='line_1_9' title="bbox 293 1579 1546 1667; baseline 0 -23"><span class='ocrx_word' id='word_1_70' title='bbox 293 1583 418 1645; x_wconf 85' lang='lat' dir='ltr'><strong>nostras</strong></span> <span class='ocrx_word' id='word_1_71' title='bbox 430 1580 563 1644; x_wconf 85' lang='lat' dir='ltr'><strong>maximi</strong></span> <span class='ocrx_word' id='word_1_72' title='bbox 575 1581 731 1645; x_wconf 82' lang='lat' dir='ltr'><strong>momenti</strong></span> <span class='ocrx_word' id='word_1_73' title='bbox 744 1584 829 1646; x_wconf 84' lang='lat' dir='ltr'><strong>sunt</strong></span> <span class='ocrx_word' id='word_1_74' title='bbox 844 1581 911 1645; x_wconf 90' lang='lat' dir='ltr'><strong>Hec</strong></span> <span class='ocrx_word' id='word_1_75' title='bbox 924 1603 1051 1666; x_wconf 90' lang='lat' dir='ltr'><strong>quoque</strong></span> <span class='ocrx_word' id='word_1_76' title='bbox 1060 1582 1205 1667; x_wconf 88' lang='lat' dir='ltr'><strong>henigne</strong></span> <span class='ocrx_word' id='word_1_77' title='bbox 1214 1581 1451 1664; x_wconf 72' lang='lat' dir='ltr'><strong>liberaliterque</strong></span> <span class='ocrx_word' id='word_1_78' title='bbox 1463 1579 1546 1644; x_wconf 91' lang='lat' dir='ltr'><strong>mihi</strong></span> 
     </span>
     <span class='ocr_line' id='line_1_10' title="bbox 291 1703 1541 1791; baseline 0 -23"><span class='ocrx_word' id='word_1_79' title='bbox 291 1703 572 1769; x_wconf 71' lang='lat' dir='ltr'><strong>commodaverunt</strong></span> <span class='ocrx_word' id='word_1_80' title='bbox 587 1705 755 1770; x_wconf 83' lang='lat' dir='ltr'><strong>archiviste</strong></span> <span class='ocrx_word' id='word_1_81' title='bbox 771 1705 819 1770; x_wconf 93' lang='lat' dir='ltr'><strong>illi</strong></span> <span class='ocrx_word' id='word_1_82' title='bbox 834 1705 947 1771; x_wconf 88' lang='lat' dir='ltr'><strong>cidem</strong></span> <span class='ocrx_word' id='word_1_83' title='bbox 979 1705 1071 1788; x_wconf 79' lang='lat' dir='ltr'><strong>Quod</strong></span> <span class='ocrx_word' id='word_1_84' title='bbox 1086 1728 1134 1786; x_wconf 81' lang='lat' dir='ltr'><strong>ea,</strong></span> <span class='ocrx_word' id='word_1_85' title='bbox 1149 1728 1221 1770; x_wconf 88' lang='lat' dir='ltr'><strong>cum</strong></span> <span class='ocrx_word' id='word_1_86' title='bbox 1236 1706 1326 1791; x_wconf 86' lang='lat' dir='ltr'><strong>prius</strong></span> <span class='ocrx_word' id='word_1_87' title='bbox 1341 1707 1427 1769; x_wconf 88' lang='lat' dir='ltr'><strong>esset</strong></span> <span class='ocrx_word' id='word_1_88' title='bbox 1441 1703 1541 1788; x_wconf 85' lang='lat' dir='ltr'><strong>profi·</strong></span> 
     </span>
     <span class='ocr_line' id='line_1_11' title="bbox 292 1829 1544 1915; baseline -0.001 -21"><span class='ocrx_word' id='word_1_89' title='bbox 292 1830 482 1908; x_wconf 73' lang='lat' dir='ltr'><strong>edocendum,</strong></span> <span class='ocrx_word' id='word_1_90' title='bbox 505 1851 577 1894; x_wconf 90' lang='lat' dir='ltr'><strong>enm</strong></span> <span class='ocrx_word' id='word_1_91' title='bbox 601 1829 776 1915; x_wconf 85' lang='lat' dir='ltr'><strong>archetypo</strong></span> <span class='ocrx_word' id='word_1_92' title='bbox 791 1831 862 1915; x_wconf 84' lang='lat' dir='ltr'><strong>ipso</strong></span> <span class='ocrx_word' id='word_1_93' title='bbox 877 1833 1023 1897; x_wconf 86' lang='lat' dir='ltr'><strong>conferre</strong></span> <span class='ocrx_word' id='word_1_94' title='bbox 1039 1832 1119 1896; x_wconf 86' lang='lat' dir='ltr'><strong>mihi</strong></span> <span class='ocrx_word' id='word_1_95' title='bbox 1135 1853 1202 1895; x_wconf 90' lang='lat' dir='ltr'><strong>non</strong></span> <span class='ocrx_word' id='word_1_96' title='bbox 1222 1831 1318 1909; x_wconf 74' lang='lat' dir='ltr'><strong>licuit</strong></span> <span class='ocrx_word' id='word_1_97' title='bbox 1334 1829 1544 1895; x_wconf 89' lang='lat' dir='ltr'><strong>vehementer</strong></span> 
     </span>
     <span class='ocr_line' id='line_1_12' title="bbox 291 1952 1541 2039; baseline -0.001 -21"><span class='ocrx_word' id='word_1_98' title='bbox 291 1953 392 2020; x_wconf 88' lang='lat' dir='ltr'><strong>doleo.</strong></span> <span class='ocrx_word' id='word_1_99' title='bbox 420 1954 524 2020; x_wconf 84' lang='lat' dir='ltr'><strong>Erunt</strong></span> <span class='ocrx_word' id='word_1_100' title='bbox 546 1977 633 2034; x_wconf 80' lang='lat' dir='ltr'><strong>sane,</strong></span> <span class='ocrx_word' id='word_1_101' title='bbox 649 1955 714 2039; x_wconf 76' lang='lat' dir='ltr'><strong>qui,</strong></span> <span class='ocrx_word' id='word_1_102' title='bbox 738 1976 811 2020; x_wconf 92' lang='lat' dir='ltr'><strong>cum</strong></span> <span class='ocrx_word' id='word_1_103' title='bbox 834 1956 880 2020; x_wconf 88' lang='lat' dir='ltr'><strong>eis</strong></span> <span class='ocrx_word' id='word_1_104' title='bbox 903 1955 1022 2021; x_wconf 89' lang='lat' dir='ltr'><strong>diutius</strong></span> <span class='ocrx_word' id='word_1_105' title='bbox 1049 1960 1086 2021; x_wconf 90' lang='lat' dir='ltr'><strong>ut</strong></span> <span class='ocrx_word' id='word_1_106' title='bbox 1112 1957 1212 2020; x_wconf 87' lang='lat' dir='ltr'><strong>Rome</strong></span> <span class='ocrx_word' id='word_1_107' title='bbox 1235 1957 1412 2032; x_wconf 85' lang='lat' dir='ltr'><strong>versentur,</strong></span> <span class='ocrx_word' id='word_1_108' title='bbox 1435 1952 1541 2018; x_wconf 91' lang='lat' dir='ltr'><strong>conti·</strong></span> 
     </span>
    </p>
   </div>
   <div class='ocr_carea' id='block_1_3' title="bbox 290 2079 1679 2291">
    <p class='ocr_par' dir='ltr' id='par_1_4' title="bbox 290 2079 1679 2291">
     <span class='ocr_line' id='line_1_13' title="bbox 291 2079 1679 2176; baseline -0.002 -32"><span class='ocrx_word' id='word_1_109' title='bbox 291 2079 384 2166; x_wconf 64' lang='lat' dir='ltr'><strong>gerit,</strong></span> <span class='ocrx_word' id='word_1_110' title='bbox 407 2079 502 2164; x_wconf 84' lang='lat' dir='ltr'><strong>plura</strong></span> <span class='ocrx_word' id='word_1_111' title='bbox 524 2081 591 2144; x_wconf 89' lang='lat' dir='ltr'><strong>sint</strong></span> <span class='ocrx_word' id='word_1_112' title='bbox 612 2082 797 2166; x_wconf 81' lang='lat' dir='ltr'><strong>congesturi</strong></span> <span class='ocrx_word' id='word_1_113' title='bbox 819 2084 916 2165; x_wconf 88' lang='lat' dir='ltr'><strong>atquc</strong></span> <span class='ocrx_word' id='word_1_114' title='bbox 940 2103 957 2145; x_wconf 90' lang='lat' dir='ltr'><strong>e</strong></span> <span class='ocrx_word' id='word_1_115' title='bbox 980 2081 1138 2146; x_wconf 90' lang='lat' dir='ltr'><strong>codicibus</strong></span> <span class='ocrx_word' id='word_1_116' title='bbox 1160 2080 1279 2145; x_wconf 75' lang='lat' dir='ltr'><strong>Italicis</strong></span> <span class='ocrx_word' id='word_1_117' title='bbox 1301 2080 1431 2164; x_wconf 82' lang='lat' dir='ltr'><strong>regesta</strong></span> <span class='ocrx_word' id='word_1_118' title='bbox 1451 2100 1471 2142; x_wconf 84' lang='lat' dir='ltr'><strong>a</strong></span> <span class='ocrx_word' id='word_1_119' title='bbox 1490 2099 1545 2142; x_wconf 91' lang='lat' dir='ltr'><strong>me</strong></span> <span class='ocrx_word' id='word_1_120' title='bbox 1678 2173 1679 2176; x_wconf 7' lang='grc' dir='ltr'><strong>Ἴ</strong></span> 
     </span>
     <span class='ocr_line' id='line_1_14' title="bbox 290 2201 1679 2291; baseline -0.001 -22"><span class='ocrx_word' id='word_1_121' title='bbox 290 2204 367 2270; x_wconf 88' lang='lat' dir='ltr'><strong>data</strong></span> <span class='ocrx_word' id='word_1_122' title='bbox 389 2205 521 2271; x_wconf 82' lang='lat' dir='ltr'><strong>auctori</strong></span> <span class='ocrx_word' id='word_1_123' title='bbox 559 2206 659 2289; x_wconf 81' lang='lat' dir='ltr'><strong>Atqui</strong></span> <span class='ocrx_word' id='word_1_124' title='bbox 682 2227 744 2291; x_wconf 84' lang='lat' dir='ltr'><strong>ego</strong></span> <span class='ocrx_word' id='word_1_125' title='bbox 765 2206 799 2269; x_wconf 90' lang='lat' dir='ltr'><strong>id</strong></span> <span class='ocrx_word' id='word_1_126' title='bbox 822 2206 982 2290; x_wconf 82' lang='lat' dir='ltr'><strong>spectavi,</strong></span> <span class='ocrx_word' id='word_1_127' title='bbox 1006 2209 1097 2270; x_wconf 87' lang='lat' dir='ltr'><strong>utet</strong></span> <span class='ocrx_word' id='word_1_128' title='bbox 1119 2227 1181 2284; x_wconf 88' lang='lat' dir='ltr'><strong>eos,</strong></span> <span class='ocrx_word' id='word_1_129' title='bbox 1205 2206 1320 2290; x_wconf 89' lang='lat' dir='ltr'><strong>quihus</strong></span> <span class='ocrx_word' id='word_1_130' title='bbox 1349 2204 1385 2268; x_wconf 89' lang='lat' dir='ltr'><strong>in</strong></span> <span class='ocrx_word' id='word_1_131' title='bbox 1409 2201 1539 2269; x_wconf 82' lang='lat' dir='ltr'><strong>Vatica-</strong></span> <span class='ocrx_word' id='word_1_132' title='bbox 1678 2205 1679 2278; x_wconf 70' lang='lat' dir='ltr'><strong>i</strong></span> 
     </span>
    </p>
   </div>
   <div class='ocr_carea' id='block_1_4' title="bbox 288 2325 1544 2664">
    <p class='ocr_par' dir='ltr' id='par_1_5' title="bbox 288 2325 1544 2664">
     <span class='ocr_line' id='line_1_15' title="bbox 290 2325 1540 2415; baseline -0.002 -22"><span class='ocrx_word' id='word_1_133' title='bbox 290 2350 404 2394; x_wconf 85' lang='lat' dir='ltr'><strong>norum</strong></span> <span class='ocrx_word' id='word_1_134' title='bbox 427 2329 626 2394; x_wconf 84' lang='lat' dir='ltr'><strong>archivorum</strong></span> <span class='ocrx_word' id='word_1_135' title='bbox 650 2329 783 2414; x_wconf 81' lang='lat' dir='ltr'><strong>adytum</strong></span> <span class='ocrx_word' id='word_1_136' title='bbox 806 2335 978 2415; x_wconf 88' lang='lat' dir='ltr'><strong>penetrare</strong></span> <span class='ocrx_word' id='word_1_137' title='bbox 1002 2352 1068 2394; x_wconf 90' lang='lat' dir='ltr'><strong>non</strong></span> <span class='ocrx_word' id='word_1_138' title='bbox 1090 2331 1194 2408; x_wconf 76' lang='lat' dir='ltr'><strong>liceat,</strong></span> <span class='ocrx_word' id='word_1_139' title='bbox 1218 2328 1366 2393; x_wconf 78' lang='lat' dir='ltr'><strong>edoceam</strong></span> <span class='ocrx_word' id='word_1_140' title='bbox 1389 2326 1428 2414; x_wconf 83' lang='lat' dir='ltr'><strong>de</strong></span> <span class='ocrx_word' id='word_1_141' title='bbox 1451 2325 1540 2391; x_wconf 90' lang='lat' dir='ltr'><strong>codi-</strong></span> 
     </span>
     <span class='ocr_line' id='line_1_16' title="bbox 289 2450 1544 2540; baseline -0.001 -23"><span class='ocrx_word' id='word_1_142' title='bbox 289 2452 377 2518; x_wconf 88' lang='lat' dir='ltr'><strong>cibus</strong></span> <span class='ocrx_word' id='word_1_143' title='bbox 400 2453 598 2538; x_wconf 89' lang='lat' dir='ltr'><strong>quibusdam,</strong></span> <span class='ocrx_word' id='word_1_144' title='bbox 621 2453 663 2519; x_wconf 89' lang='lat' dir='ltr'><strong>ad</strong></span> <span class='ocrx_word' id='word_1_145' title='bbox 685 2476 764 2540; x_wconf 85' lang='lat' dir='ltr'><strong>quos</strong></span> <span class='ocrx_word' id='word_1_146' title='bbox 787 2455 910 2520; x_wconf 88' lang='lat' dir='ltr'><strong>facilior</strong></span> <span class='ocrx_word' id='word_1_147' title='bbox 932 2457 1024 2540; x_wconf 87' lang='lat' dir='ltr'><strong>patet</strong></span> <span class='ocrx_word' id='word_1_148' title='bbox 1046 2453 1159 2532; x_wconf 78' lang='lat' dir='ltr'><strong>aditus,</strong></span> <span class='ocrx_word' id='word_1_149' title='bbox 1183 2456 1217 2517; x_wconf 87' lang='lat' dir='ltr'><strong>et</strong></span> <span class='ocrx_word' id='word_1_150' title='bbox 1230 2455 1267 2516; x_wconf 91' lang='lat' dir='ltr'><strong>nt</strong></span> <span class='ocrx_word' id='word_1_151' title='bbox 1286 2453 1473 2518; x_wconf 84' lang='lat' dir='ltr'><strong>facultatem</strong></span> <span class='ocrx_word' id='word_1_152' title='bbox 1495 2450 1544 2516; x_wconf 86' lang='lat' dir='ltr'><strong>cis</strong></span> 
     </span>
     <span class='ocr_line' id='line_1_17' title="bbox 288 2577 1543 2664; baseline 0 -22"><span class='ocrx_word' id='word_1_153' title='bbox 288 2579 442 2663; x_wconf 83' lang='lat' dir='ltr'><strong>prebeam</strong></span> <span class='ocrx_word' id='word_1_154' title='bbox 464 2579 526 2645; x_wconf 90' lang='lat' dir='ltr'><strong>sibi</strong></span> <span class='ocrx_word' id='word_1_155' title='bbox 547 2580 706 2645; x_wconf 86' lang='lat' dir='ltr'><strong>bullarum</strong></span> <span class='ocrx_word' id='word_1_156' title='bbox 730 2580 967 2659; x_wconf 82' lang='lat' dir='ltr'><strong>Vaticanarum‚</strong></span> <span class='ocrx_word' id='word_1_157' title='bbox 990 2601 1069 2664; x_wconf 88' lang='lat' dir='ltr'><strong>quas</strong></span> <span class='ocrx_word' id='word_1_158' title='bbox 1092 2577 1221 2663; x_wconf 89' lang='lat' dir='ltr'><strong>quidem</strong></span> <span class='ocrx_word' id='word_1_159' title='bbox 1244 2598 1374 2642; x_wconf 87' lang='lat' dir='ltr'><strong>noscere</strong></span> <span class='ocrx_word' id='word_1_160' title='bbox 1396 2577 1543 2662; x_wconf 89' lang='lat' dir='ltr'><strong>ipsorum</strong></span> 
     </span>
    </p>
   </div>
   <div class='ocr_carea' id='block_1_5' title="bbox 289 2703 1678 2789">
    <p class='ocr_par' dir='ltr' id='par_1_6' title="bbox 289 2703 1678 2789">
     <span class='ocr_line' id='line_1_18' title="bbox 289 2703 1678 2789; baseline -0.001 -22"><span class='ocrx_word' id='word_1_161' title='bbox 289 2703 424 2781; x_wconf 87' lang='lat' dir='ltr'><strong>intersit,</strong></span> <span class='ocrx_word' id='word_1_162' title='bbox 447 2705 595 2789; x_wconf 80' lang='lat' dir='ltr'><strong>exemplu</strong></span> <span class='ocrx_word' id='word_1_163' title='bbox 616 2705 833 2788; x_wconf 88' lang='lat' dir='ltr'><strong>comparandi.</strong></span> <span class='ocrx_word' id='word_1_164' title='bbox 863 2704 944 2769; x_wconf 88' lang='lat' dir='ltr'><strong>Mihi</strong></span> <span class='ocrx_word' id='word_1_165' title='bbox 966 2726 1039 2769; x_wconf 88' lang='lat' dir='ltr'><strong>cum</strong></span> <span class='ocrx_word' id='word_1_166' title='bbox 1068 2704 1126 2768; x_wconf 90' lang='lat' dir='ltr'><strong>illa</strong></span> <span class='ocrx_word' id='word_1_167' title='bbox 1155 2724 1214 2788; x_wconf 90' lang='lat' dir='ltr'><strong>per</strong></span> <span class='ocrx_word' id='word_1_168' title='bbox 1242 2704 1372 2786; x_wconf 84' lang='lat' dir='ltr'><strong>tempus</strong></span> <span class='ocrx_word' id='word_1_169' title='bbox 1394 2703 1545 2788; x_wconf 75' lang='lat' dir='ltr'><strong>..anguste</strong></span> <span class='ocrx_word' id='word_1_170' title='bbox 1677 2711 1678 2718; x_wconf 75' lang='grc'>’</span> 
     </span>
    </p>
   </div>
   <div class='ocr_carea' id='block_1_6' title="bbox 289 2825 1545 3537">
    <p class='ocr_par' dir='ltr' id='par_1_7' title="bbox 289 2825 1545 3289">
     <span class='ocr_line' id='line_1_19' title="bbox 289 2825 1545 2915; baseline -0.002 -23"><span class='ocrx_word' id='word_1_171' title='bbox 289 2827 561 2912; x_wconf 87' lang='lat' dir='ltr'><strong>circumscriptum</strong></span> <span class='ocrx_word' id='word_1_172' title='bbox 583 2833 693 2893; x_wconf 89' lang='lat' dir='ltr'><strong>essent</strong></span> <span class='ocrx_word' id='word_1_173' title='bbox 714 2829 904 2915; x_wconf 82' lang='lat' dir='ltr'><strong>colligenda,</strong></span> <span class='ocrx_word' id='word_1_174' title='bbox 928 2850 999 2893; x_wconf 92' lang='lat' dir='ltr'><strong>cum</strong></span> <span class='ocrx_word' id='word_1_175' title='bbox 1021 2828 1147 2894; x_wconf 90' lang='lat' dir='ltr'><strong>libellus</strong></span> <span class='ocrx_word' id='word_1_176' title='bbox 1170 2827 1241 2912; x_wconf 84' lang='lat' dir='ltr'><strong>ipsc</strong></span> <span class='ocrx_word' id='word_1_177' title='bbox 1264 2825 1345 2890; x_wconf 93' lang='lat' dir='ltr'><strong>mihi</strong></span> <span class='ocrx_word' id='word_1_178' title='bbox 1366 2825 1468 2894; x_wconf 88' lang='lat' dir='ltr'><strong>Roma</strong></span> <span class='ocrx_word' id='word_1_179' title='bbox 1490 2846 1545 2890; x_wconf 89' lang='lat' dir='ltr'><strong>re-</strong></span> 
     </span>
     <span class='ocr_line' id='line_1_20' title="bbox 290 2950 1545 3039; baseline -0.004 -21"><span class='ocrx_word' id='word_1_180' title='bbox 290 2973 382 3018; x_wconf 86' lang='lat' dir='ltr'><strong>verso</strong></span> <span class='ocrx_word' id='word_1_181' title='bbox 405 2955 438 3016; x_wconf 89' lang='lat' dir='ltr'><strong>et</strong></span> <span class='ocrx_word' id='word_1_182' title='bbox 461 2953 502 3018; x_wconf 89' lang='lat' dir='ltr'><strong>ab</strong></span> <span class='ocrx_word' id='word_1_183' title='bbox 525 2951 587 3018; x_wconf 91' lang='lat' dir='ltr'><strong>alio</strong></span> <span class='ocrx_word' id='word_1_184' title='bbox 610 2953 645 3017; x_wconf 92' lang='lat' dir='ltr'><strong>in</strong></span> <span class='ocrx_word' id='word_1_185' title='bbox 669 2953 768 3018; x_wconf 89' lang='lat' dir='ltr'><strong>alium</strong></span> <span class='ocrx_word' id='word_1_186' title='bbox 790 2954 895 3018; x_wconf 90' lang='lat' dir='ltr'><strong>locum</strong></span> <span class='ocrx_word' id='word_1_187' title='bbox 918 2953 959 3019; x_wconf 90' lang='lat' dir='ltr'><strong>ad</strong></span> <span class='ocrx_word' id='word_1_188' title='bbox 981 2952 1216 3039; x_wconf 83' lang='lat' dir='ltr'><strong>perscrutanda</strong></span> <span class='ocrx_word' id='word_1_189' title='bbox 1238 2952 1367 3018; x_wconf 84' lang='lat' dir='ltr'><strong>archiva</strong></span> <span class='ocrx_word' id='word_1_190' title='bbox 1395 2950 1545 3036; x_wconf 81' lang='lat' dir='ltr'><strong>peregri·</strong></span> 
     </span>
     <span class='ocr_line' id='line_1_21' title="bbox 290 3074 1544 3162; baseline -0.002 -20"><span class='ocrx_word' id='word_1_191' title='bbox 290 3078 385 3143; x_wconf 90' lang='lat' dir='ltr'><strong>nanti</strong></span> <span class='ocrx_word' id='word_1_192' title='bbox 407 3081 490 3142; x_wconf 84' lang='lat' dir='ltr'><strong>esset</strong></span> <span class='ocrx_word' id='word_1_193' title='bbox 511 3077 773 3157; x_wconf 83' lang='lat' dir='ltr'><strong>conscribendus,</strong></span> <span class='ocrx_word' id='word_1_194' title='bbox 796 3081 874 3162; x_wconf 88' lang='lat' dir='ltr'><strong>peto</strong></span> <span class='ocrx_word' id='word_1_195' title='bbox 897 3101 918 3143; x_wconf 87' lang='lat' dir='ltr'><strong>a</strong></span> <span class='ocrx_word' id='word_1_196' title='bbox 939 3081 984 3156; x_wconf 81' lang='lat' dir='ltr'><strong>te,</strong></span> <span class='ocrx_word' id='word_1_197' title='bbox 1008 3079 1107 3142; x_wconf 87' lang='lat' dir='ltr'><strong>lector</strong></span> <span class='ocrx_word' id='word_1_198' title='bbox 1130 3077 1300 3156; x_wconf 88' lang='lat' dir='ltr'><strong>benevole,</strong></span> <span class='ocrx_word' id='word_1_199' title='bbox 1323 3079 1360 3141; x_wconf 89' lang='lat' dir='ltr'><strong>nt</strong></span> <span class='ocrx_word' id='word_1_200' title='bbox 1382 3074 1544 3161; x_wconf 85' lang='lat' dir='ltr'><strong>plagellas</strong></span> 
     </span>
     <span class='ocr_line' id='line_1_22' title="bbox 291 3201 687 3289; baseline -0.003 -21"><span class='ocrx_word' id='word_1_201' title='bbox 291 3201 350 3268; x_wconf 84' lang='lat' dir='ltr'><strong>has</strong></span> <span class='ocrx_word' id='word_1_202' title='bbox 373 3202 515 3289; x_wconf 81' lang='lat' dir='ltr'><strong>benigne</strong></span> <span class='ocrx_word' id='word_1_203' title='bbox 539 3202 687 3287; x_wconf 83' lang='lat' dir='ltr'><strong>excipias.</strong></span> 
     </span>
    </p>

    <p class='ocr_par' dir='ltr' id='par_1_8' title="bbox 289 3322 1543 3537">
     <span class='ocr_line' id='line_1_23' title="bbox 378 3322 1543 3414; baseline -0.005 -21"><span class='ocrx_word' id='word_1_204' title='bbox 378 3326 591 3414; x_wconf 83' lang='lat' dir='ltr'><strong>Regestorum</strong></span> <span class='ocrx_word' id='word_1_205' title='bbox 607 3326 835 3393; x_wconf 82' lang='lat' dir='ltr'><strong>Vaticanorum</strong></span> <span class='ocrx_word' id='word_1_206' title='bbox 860 3327 1035 3406; x_wconf 81' lang='lat' dir='ltr'><strong>volumina,</strong></span> <span class='ocrx_word' id='word_1_207' title='bbox 1065 3349 1127 3411; x_wconf 90' lang='lat' dir='ltr'><strong>que</strong></span> <span class='ocrx_word' id='word_1_208' title='bbox 1150 3328 1190 3392; x_wconf 89' lang='lat' dir='ltr'><strong>ab</strong></span> <span class='ocrx_word' id='word_1_209' title='bbox 1213 3324 1371 3392; x_wconf 86' lang='lat' dir='ltr'><strong>Rainaldo</strong></span> <span class='ocrx_word' id='word_1_210' title='bbox 1395 3322 1543 3390; x_wconf 75' lang='lat' dir='ltr'><strong>adhibite</strong></span> 
     </span>
     <span class='ocr_line' id='line_1_24' title="bbox 289 3450 1256 3537; baseline -0.002 -19"><span class='ocrx_word' id='word_1_211' title='bbox 289 3453 358 3537; x_wconf 88' lang='lat' dir='ltr'><strong>ipse</strong></span> <span class='ocrx_word' id='word_1_212' title='bbox 381 3453 416 3517; x_wconf 92' lang='lat' dir='ltr'><strong>in</strong></span> <span class='ocrx_word' id='word_1_213' title='bbox 444 3451 625 3530; x_wconf 80' lang='lat' dir='ltr'><strong>„Analectis</strong></span> <span class='ocrx_word' id='word_1_214' title='bbox 648 3451 829 3518; x_wconf 80' lang='lat' dir='ltr'><strong>Vaticanis“</strong></span> <span class='ocrx_word' id='word_1_215' title='bbox 857 3453 1019 3537; x_wconf 77' lang='lat' dir='ltr'><strong>usurpavi,</strong></span> <span class='ocrx_word' id='word_1_216' title='bbox 1041 3452 1101 3516; x_wconf 87' lang='lat' dir='ltr'><strong>hec</strong></span> <span class='ocrx_word' id='word_1_217' title='bbox 1129 3454 1204 3516; x_wconf 80' lang='lat' dir='ltr'><strong>sunt</strong></span> <span class='ocrx_word' id='word_1_218' title='bbox 1221 3450 1256 3534; x_wconf 90' lang='lat'><strong>¹).</strong></span> 
     </span>
    </p>
   </div>
   <div class='ocr_carea' id='block_1_7' title="bbox 663 3644 1169 3721">
    <p class='ocr_par' dir='ltr' id='par_1_9' title="bbox 663 3644 1169 3721">
     <span class='ocr_line' id='line_1_25' title="bbox 663 3644 1169 3721; baseline 0 -1"><span class='ocrx_word' id='word_1_219' title='bbox 663 3647 684 3720; x_wconf 85' lang='lat' dir='ltr'><strong>l</strong></span> <span class='ocrx_word' id='word_1_220' title='bbox 706 3645 907 3721; x_wconf 84' lang='lat' dir='ltr'><strong>llorandor</strong></span> <span class='ocrx_word' id='word_1_221' title='bbox 928 3645 969 3720; x_wconf 78' lang='lat' dir='ltr'><strong>ll.</strong></span> <span class='ocrx_word' id='word_1_222' title='bbox 990 3644 1169 3720; x_wconf 66' lang='lat' dir='ltr'><strong>ihr-1261.</strong></span> 
     </span>
    </p>
   </div>
   <div class='ocr_carea' id='block_1_8' title="bbox 293 3838 1540 4056">
    <p class='ocr_par' dir='ltr' id='par_1_10' title="bbox 293 3838 1540 4056">
     <span class='ocr_line' id='line_1_26' title="bbox 381 3838 1540 3931; baseline -0.005 -20"><span class='ocrx_word' id='word_1_223' title='bbox 381 3847 408 3910; x_wconf 90' lang='lat'><strong>1.</strong></span> <span class='ocrx_word' id='word_1_224' title='bbox 432 3845 573 3931; x_wconf 82' lang='lat' dir='ltr'><strong>Registri</strong></span> <span class='ocrx_word' id='word_1_225' title='bbox 603 3847 708 3908; x_wconf 81' lang='lat' dir='ltr'><strong>tomus</strong></span> <span class='ocrx_word' id='word_1_226' title='bbox 738 3844 771 3922; x_wconf 85' lang='grc'><strong>1.,</strong></span> <span class='ocrx_word' id='word_1_227' title='bbox 802 3864 907 3908; x_wconf 87' lang='lat' dir='ltr'><strong>annus</strong></span> <span class='ocrx_word' id='word_1_228' title='bbox 934 3843 967 3921; x_wconf 82' lang='lat' dir='ltr'><strong>I.‚</strong></span> <span class='ocrx_word' id='word_1_229' title='bbox 998 3843 1053 3927; x_wconf 92' lang='lat' dir='ltr'><strong>qui</strong></span> <span class='ocrx_word' id='word_1_230' title='bbox 1082 3841 1198 3926; x_wconf 90' lang='lat' dir='ltr'><strong>incipit</strong></span> <span class='ocrx_word' id='word_1_231' title='bbox 1228 3842 1268 3907; x_wconf 81' lang='lat' dir='ltr'><strong>ab</strong></span> <span class='ocrx_word' id='word_1_232' title='bbox 1298 3861 1385 3908; x_wconf 83' lang='lat' dir='ltr'><strong>anno</strong></span> <span class='ocrx_word' id='word_1_233' title='bbox 1417 3838 1540 3906; x_wconf 88' lang='lat' dir='ltr'><strong>domini</strong></span> 
     </span>
     <span class='ocr_line' id='line_1_27' title="bbox 293 3968 477 4056; baseline 0.005 -21"><span class='ocrx_word' id='word_1_234' title='bbox 293 3969 388 4038; x_wconf 75' lang='lat'>1254.</span> <span class='ocrx_word' id='word_1_235' title='bbox 410 3968 477 4056; x_wconf 78' lang='lat' dir='ltr'>(A.)</span> 
     </span>
    </p>
   </div>
   <div class='ocr_carea' id='block_1_9' title="bbox 381 4266 1542 4341">
    <p class='ocr_par' dir='ltr' id='par_1_11' title="bbox 381 4266 1542 4341">
     <span class='ocr_line' id='line_1_28' title="bbox 381 4266 1542 4341; baseline -0.002 -15"><span class='ocrx_word' id='word_1_236' title='bbox 381 4270 401 4341; x_wconf 85' lang='lat'><strong>¹)</strong></span> <span class='ocrx_word' id='word_1_237' title='bbox 419 4269 460 4326; x_wconf 82' lang='lat' dir='ltr'><strong>De</strong></span> <span class='ocrx_word' id='word_1_238' title='bbox 476 4268 603 4340; x_wconf 80' lang='lat' dir='ltr'><strong>Regestis</strong></span> <span class='ocrx_word' id='word_1_239' title='bbox 622 4269 765 4326; x_wconf 72' lang='lat' dir='ltr'><strong>Vaticanis</strong></span> <span class='ocrx_word' id='word_1_240' title='bbox 778 4270 811 4326; x_wconf 81' lang='lat' dir='ltr'><strong>cf.</strong></span> <span class='ocrx_word' id='word_1_241' title='bbox 825 4269 857 4326; x_wconf 81' lang='lat' dir='ltr'><strong>G.</strong></span> <span class='ocrx_word' id='word_1_242' title='bbox 870 4269 903 4324; x_wconf 90' lang='lat' dir='ltr'><strong>H.</strong></span> <span class='ocrx_word' id='word_1_243' title='bbox 917 4269 1007 4332; x_wconf 81' lang='lat' dir='ltr'><strong>Perta,</strong></span> <span class='ocrx_word' id='word_1_244' title='bbox 1019 4267 1122 4324; x_wconf 81' lang='lat' dir='ltr'><strong>Archiv</strong></span> <span class='ocrx_word' id='word_1_245' title='bbox 1135 4267 1185 4324; x_wconf 85' lang='lat' dir='ltr'><strong>der</strong></span> <span class='ocrx_word' id='word_1_246' title='bbox 1197 4267 1379 4326; x_wconf 79' lang='lat' dir='ltr'><strong>Gcsellschaft</strong></span> <span class='ocrx_word' id='word_1_247' title='bbox 1397 4267 1442 4323; x_wconf 77' lang='lat' dir='ltr'><strong>for</strong></span> <span class='ocrx_word' id='word_1_248' title='bbox 1453 4266 1542 4324; x_wconf 69' lang='lat' dir='ltr'><strong>altere</strong></span> 
     </span>
    </p>
   </div>
   <div class='ocr_carea' id='block_1_10' title="bbox 288 4373 1662 4444">
    <p class='ocr_par' dir='ltr' id='par_1_12' title="bbox 288 4373 1662 4444">
     <span class='ocr_line' id='line_1_29' title="bbox 288 4373 1662 4444; baseline -0.004 -12"><span class='ocrx_word' id='word_1_249' title='bbox 288 4375 421 4432; x_wconf 78' lang='lat' dir='ltr'><strong>deutsche</strong></span> <span class='ocrx_word' id='word_1_250' title='bbox 434 4375 701 4438; x_wconf 83' lang='lat' dir='ltr'><strong>Gcschichtsknndc.</strong></span> <span class='ocrx_word' id='word_1_251' title='bbox 714 4375 746 4430; x_wconf 90' lang='lat' dir='ltr'><strong>V.</strong></span> <span class='ocrx_word' id='word_1_252' title='bbox 761 4383 818 4431; x_wconf 79' lang='lat'>850.</span> <span class='ocrx_word' id='word_1_253' title='bbox 836 4407 865 4417; x_wconf 95' lang='lat'><em>-</em></span> <span class='ocrx_word' id='word_1_254' title='bbox 879 4375 1024 4444; x_wconf 81' lang='lat' dir='ltr'><strong>Palocky’s</strong></span> <span class='ocrx_word' id='word_1_255' title='bbox 1035 4373 1210 4432; x_wconf 82' lang='lat' dir='ltr'><strong>italienischc</strong></span> <span class='ocrx_word' id='word_1_256' title='bbox 1222 4373 1303 4430; x_wconf 85' lang='lat' dir='ltr'><strong>Roisc</strong></span> <span class='ocrx_word' id='word_1_257' title='bbox 1315 4373 1356 4430; x_wconf 89' lang='lat' dir='ltr'><strong>im</strong></span> <span class='ocrx_word' id='word_1_258' title='bbox 1367 4373 1453 4430; x_wconf 84' lang='lat' dir='ltr'><strong>Jahre</strong></span> <span class='ocrx_word' id='word_1_259' title='bbox 1465 4381 1543 4437; x_wconf 73' lang='lat'>1887,</span> <span class='ocrx_word' id='word_1_260' title='bbox 1661 4373 1662 4376; x_wconf 75' lang='grc'>’</span> 
     </span>
    </p>
   </div>
   <div class='ocr_carea' id='block_1_11' title="bbox 291 4481 1221 4552">
    <p class='ocr_par' dir='ltr' id='par_1_13' title="bbox 291 4481 1221 4552">
     <span class='ocr_line' id='line_1_30' title="bbox 291 4481 1221 4552; baseline -0.002 -14"><span class='ocrx_word' id='word_1_261' title='bbox 291 4489 402 4538; x_wconf 73' lang='grc'><strong>35-48.</strong></span> <span class='ocrx_word' id='word_1_262' title='bbox 427 4514 455 4524; x_wconf 89' lang='lat'>-</span> <span class='ocrx_word' id='word_1_263' title='bbox 475 4483 505 4536; x_wconf 86' lang='grc' dir='ltr'><strong>Β,</strong></span> <span class='ocrx_word' id='word_1_264' title='bbox 525 4481 879 4549; x_wconf 80' lang='lat' dir='ltr'><strong>Dndih,lter1tomanum</strong></span> <span class='ocrx_word' id='word_1_265' title='bbox 900 4490 976 4537; x_wconf 87' lang='lat'>1855.</span> <span class='ocrx_word' id='word_1_266' title='bbox 995 4481 1015 4535; x_wconf 90' lang='lat'><strong>1.</strong></span> <span class='ocrx_word' id='word_1_267' title='bbox 1037 4487 1068 4537; x_wconf 77' lang='lat'><strong>13</strong></span> <span class='ocrx_word' id='word_1_268' title='bbox 1088 4498 1158 4552; x_wconf 72' lang='lat' dir='ltr'><strong>sqq.¹</strong></span> <span class='ocrx_word' id='word_1_269' title='bbox 1178 4489 1221 4536; x_wconf 78' lang='lat'><strong>45.</strong></span> 
     </span>
    </p>
   </div>
   <div class='ocr_carea' id='block_1_12' title="bbox 0 0 1706 5280">
    <p class='ocr_par' dir='ltr' id='par_1_14' title="bbox 0 0 1706 5280">
     <span class='ocr_line' id='line_1_31' title="bbox 0 0 1706 5280; baseline 0 0"><span class='ocrx_word' id='word_1_270' title='bbox 0 0 1706 5280; x_wconf 95' lang='lat' dir='ltr'><strong> </strong></span> 
     </span>
    </p>
   </div>
  </div>
 </body>
</html>
