3464 5280
273 531 335 594 120

269 689 443 775 igentibus,
467 693 569 754 morte
593 691 780 776 turpissima
803 690 1043 775 condempnari.
1067 690 1161 755 Unde
1184 691 1261 755 dicti
1285 693 1468 757 executores
1491 693 1530 758 in

269 780 468 864 sepedictum
491 780 540 857 L,
565 781 640 864 quia
662 781 824 846 mandatis
849 780 969 845 eisdem
1000 780 1129 844 obedire
1158 781 1389 846 contumaciter
1417 783 1531 847 renuit

269 869 360 933 etin
384 868 576 933 adherentes
600 870 718 948 eidem,
749 870 785 933 in
814 869 875 934 hoc
901 869 1055 933 canonica
1078 870 1255 934 monitione
1279 871 1445 954 premissa,
1469 893 1528 935 ex-

268 958 565 1022 communicationis
595 960 808 1036 sententiam,
839 959 990 1044 exigente
1018 959 1160 1043 justitia,
1193 961 1458 1044 promulgarunt,
1491 983 1529 1026 ac

268 1047 371 1111 dictus
394 1048 578 1132 prepositus
601 1048 636 1112 in
652 1048 854 1126 Germerode,
875 1048 997 1132 gratias
1014 1050 1047 1112 et
1062 1049 1217 1113 beneficia
1231 1070 1386 1115 revocans
1403 1050 1526 1130 eadem,

268 1138 375 1221 ipsum
398 1137 441 1214 L,
464 1140 620 1221 tanquam
643 1140 809 1224 ingratum
832 1138 895 1201 illis
918 1138 1089 1222 privatum,
1108 1139 1202 1221 juxta
1225 1138 1363 1203 formam
1379 1139 1440 1203 sibi
1456 1142 1526 1204 tra-

268 1225 369 1290 ditam
392 1227 558 1290 nunciavit
579 1227 615 1290 in
638 1227 885 1292 contradictores
909 1226 1244 1292 excommunicationis
1270 1229 1432 1293 sententia
1448 1250 1526 1313 pro-

268 1316 428 1401 mulgata:
451 1318 488 1378 tu
512 1316 609 1380 etiam
632 1318 667 1380 in
692 1318 838 1394 abbates,
867 1316 1005 1401 priores,
1030 1316 1186 1399 prelatos,
1210 1317 1380 1381 canonicos
1406 1321 1437 1382 et
1476 1319 1525 1382 le-

267 1405 348 1470 ricos
371 1404 653 1472 Halberstadensis
686 1406 824 1471 civitatis
857 1409 889 1468 et
919 1405 1061 1483 diocesis,
1085 1427 1234 1469 necnon
1258 1409 1291 1469 εὴ
1313 1407 1466 1472 vassallos
1491 1411 1524 1472 et

268 1493 496 1559 ministeriales
519 1495 622 1578 ipsius
646 1496 774 1560 ecclesie
791 1494 1080 1572 Halberstadensis,
1105 1495 1180 1578 quia
1202 1495 1265 1559 tibi
1287 1517 1352 1560 non
1374 1497 1524 1560 intende-

267 1584 362 1661 bant,
393 1583 448 1647 sed
479 1585 586 1668 potius
616 1588 728 1649 contra
757 1588 790 1648 te
820 1585 974 1648 favebant
1004 1583 1141 1647 Ludulfo
1171 1585 1329 1668 predicto,
1371 1587 1525 1651 canonica

238 1673 445 1764 ¹monitione
469 1674 626 1757 premissa
648 1677 716 1737 tam
739 1673 841 1758 ipsius
865 1673 1001 1757 predicti
1033 1676 1208 1757 antequam
1239 1674 1371 1759 propria
1403 1675 1524 1740 similes

268 1762 446 1827 sententias
462 1762 633 1847 protulisti.
673 1762 754 1844 Quia
778 1781 851 1828 vero
875 1762 950 1826 dicti
974 1763 1105 1827 abbates
1130 1766 1163 1826 et
1187 1763 1241 1827 alii
1265 1785 1365 1828 esua
1389 1767 1525 1849 propter

267 1852 327 1916 hoc
356 1851 535 1935 pertinacia
564 1852 696 1916 minime
727 1852 935 1936 resipiscunt,
968 1855 1003 1915 ut
1036 1873 1123 1935 pena
1152 1852 1285 1916 docente
1319 1857 1524 1938 cognoscant,

268 1963 365 2025 quam
387 1941 592 2005 temerarium
616 1943 665 2018 sit,
689 1942 807 2027 prelati
833 1963 900 2005 non
931 1940 1058 2005 obedire
1089 1940 1264 2020 mandatis,
1296 1963 1364 2020 eos,
1396 1943 1522 2007 sinte

266 2029 383 2094 moniti
405 2029 579 2114 diligenter
600 2031 675 2109 tibi,
706 2035 742 2095 ut
765 2031 851 2115 patri
874 2031 1052 2115 et·pastori
1075 2031 1255 2094 animarum
1278 2053 1424 2110 suarum,
1455 2053 1523 2096 non

267 2119 447 2184 obedierint
472 2141 508 2183 ac
529 2120 732 2185 intenderint
748 2123 780 2184 et
795 2119 981 2183 destiterint
996 2141 1128 2202 prorsus
1145 2143 1164 2183 a
1179 2120 1379 2204 prestatione
1402 2121 1523 2185 favoris

266 2208 405 2273 Ludulfo
430 2208 582 2292 predict0,
606 2210 756 2294 privandi
779 2209 844 2273 suis
868 2209 1097 2294 dignitatibus,
1128 2209 1316 2293 prelaturis,
1349 2209 1523 2293 prebendis

268 2301 302 2361 et
323 2298 501 2376 beneficiis,
533 2321 594 2383 que
618 2299 653 2362 in
676 2298 880 2363 monasteriis
905 2301 937 2361 et
961 2298 1100 2362 ecclesiis
1124 2299 1308 2363 earumdem
1331 2298 1468 2363 civitatis
1491 2302 1525 2363 et

269 2386 401 2452 diocesis
418 2387 550 2464 obtinet,
574 2410 634 2452 nee
649 2411 715 2453 non
732 2391 765 2452 et
779 2386 1001 2470 compescendi
1020 2388 1267 2452 contradictores
1291 2409 1350 2472 per
1372 2409 1523 2453 censuras

269 2476 398 2540 ecclesie
423 2477 595 2560 apostolice
611 2481 799 2556 reservatas,
824 2477 958 2540 remissa
973 2477 1033 2539 tibi
1050 2478 1242 2541 auctoritate
1258 2477 1423 2561 premissa,
1446 2498 1523 2542 con-

267 2565 407 2629 cedimus
431 2565 627 2645 facultatem,
651 2589 799 2632 concessa
822 2565 1048 2629 nichilominus
1078 2568 1240 2650 potestate
1270 2566 1349 2645 illis,
1380 2567 1420 2630 ad
1444 2577 1545 2651 quos'

266 2654 450 2738 hujusmodi
473 2655 676 2740 dignitatum,
700 2658 944 2741 prelaturarum,
968 2655 1205 2738 prebendarum
1228 2659 1261 2719 et
1283 2654 1440 2736 bonorum
1456 2657 1522 2720 col-

266 2744 345 2808 latio
370 2744 520 2829 pertinet,
545 2767 583 2808 ea
606 2749 740 2829 propter
763 2745 978 2829 privationem
1000 2743 1184 2827 hujusmodi
1203 2748 1359 2828 tanquam
1375 2744 1524 2810 vacantia

267 2834 414 2917 personis
437 2833 562 2897 idoneis
585 2834 778 2899 conferendi.
824 2833 899 2898 Non
922 2834 1071 2898 obstante
1095 2835 1122 2898 si
1142 2833 1300 2917 aliquibus
1318 2857 1336 2897 a
1352 2833 1426 2898 sede
1443 2855 1522 2918 apo·

267 2921 378 2986 stolica
402 2925 452 2986 est
473 2922 643 3001 indultum,
668 2923 752 3008 quod
775 2921 932 3000 interdici,
957 2923 1112 3006 suspendi
1128 2926 1161 2987 et
1176 2923 1442 2987 excommunicari
1465 2944 1521 2987 seu

266 3012 352 3075 terre
375 3011 520 3095 ipsorum
544 3013 685 3097 supponi
708 3010 919 3078 ecclesiastico
942 3011 1111 3076 interdicto
1141 3034 1208 3076 non
1232 3012 1362 3096 possint
1385 3033 1444 3096 per
1466 3012 1522 3074 lit-

266 3101 353 3165 teras
384 3101 585 3186 apostolicas,
615 3123 682 3165 non
705 3103 859 3167 facientes
890 3101 1022 3184 plenam
1052 3103 1085 3164 et
1114 3123 1299 3185 expressam
1328 3100 1367 3164 de
1396 3100 1522 3165 indulto

266 3189 449 3272 hujusmodi
472 3192 686 3269 mentionem,
717 3192 799 3254 nulli
822 3190 938 3255 litteris
962 3190 1092 3254 veritati
1115 3193 1148 3254 et
1166 3191 1293 3274 justitie
1317 3189 1521 3274 prejudican-

266 3279 352 3344 tibus
376 3303 395 3344 a
418 3280 492 3344 sede
524 3281 698 3364 apostolica
727 3279 909 3364 impetratis
941 3283 973 3343 et
1005 3279 1103 3343 etiam
1132 3279 1354 3364 impetrandis.
1401 3279 1521 3343 Datum

267 3369 426 3453 Anagnia,
450 3369 492 3434 ΙΙ.
515 3370 556 3434 id.
581 3370 661 3435 Julii
685 3391 772 3433 anno
799 3370 843 3434 1⁰.

880 3586 908 3648 2.

353 3725 538 3791 Alabanda·
559 3726 623 3793 IV.
646 3728 788 3806 mundat,
812 3736 850 3791 ut
870 3729 1122 3811 archiepiscopus
1143 3725 1426 3810 Mapdedurpenoc's
1448 3725 1519 3790 Lu-

263 3829 391 3917 dulsum
414 3835 451 3898 de
467 3832 589 3897 Studeas
610 3836 773 3898 intrusum
796 3835 1046 3898 excommunicet.
1071 3834 1111 3918 cf.
1135 3833 1196 3898 Nr.
1217 3837 1269 3898 37.
1313 3833 1518 3930 Amqnde,

264 3941 371 4008 1255
394 3943 485 4009 Juo.
509 3941 574 4006 14.

354 4082 602 4167 Archiepiscopo
618 4080 900 4168 Magdeburgcnsi.
934 4081 1078 4146 Dilectus
1101 4081 1185 4146 filius
1210 4078 1376 4156 Volradus,
1402 4080 1518 4143 electus

262 4171 551 4249 Helberstadensis,
576 4194 633 4235 sua
656 4171 749 4235 nobis
773 4171 930 4256 petitione
954 4170 1115 4246 monebat,
1141 4168 1225 4255 quod
1248 4190 1321 4232 cum
1344 4167 1463 4232 dudum
1482 4168 1517 4232 in

262 4260 527 4325 Helberstadensi
557 4260 687 4325 ecclesia
717 4259 778 4325 due
808 4261 947 4324 fuissent
976 4260 1163 4338 electioneS,
1194 4257 1341 4324 videlicet
1370 4257 1409 4320 de
1437 4258 1517 4343 ipso,

262 4353 339 4414 tunc
363 4350 526 4415 scolastico
557 4353 589 4414 et
618 4349 657 4414 de
681 4348 818 4412 Ludulfo
848 4349 887 4412 de
910 4347 1042 4428 Sladen,
1074 4348 1226 4412 canonico
1256 4347 1358 4432 ipsius
1388 4346 1517 4410 ecclesie

261 4440 428 4517 celebrate,
453 4461 550 4522 quare
574 4438 675 4502 felicis
692 4438 921 4502 recordationis
937 4437 1176 4523 l(nnocentius)
1194 4460 1290 4521 papa,
1313 4434 1517 4521 predecessor

260 4531 378 4607 noster,
403 4528 659 4612 procuratoribus
683 4528 832 4610 partium,
857 4530 992 4612 propter
1016 4527 1133 4591 hocin
1157 4527 1225 4610 ejus
1250 4525 1417 4610 presentie
1439 4546 1515 4589 con-
