3404 5280
265 486 305 545 11

262 643 369 738 rara

701 485 1074 533 11110111111171.

328 801 373 814 ...
484 801 528 812 -
595 768 1330 844 11111111.11111111111111111111111111
1344 785 1517 845 ineundam

421 876 497 934 pena
512 860 644 918 tenorem
659 858 746 917 tertio
763 858 871 917 scribit.
897 861 937 918 63
953 881 983 937 p.
1002 862 1042 921 70
1058 865 1111 950 11.
1451 881 1516 949 769

328 997 371 1011 .-
485 995 528 1008 -
595 963 669 1040 Regi
693 962 787 1023 Sicilie
810 965 928 1027 illustri.
953 968 1074 1044 Gaudet,
1099 975 1178 1049 quod
1200 978 1417 1058 primogenitus
1438 983 1515 1060 regts

326 1093 329 1100 .
421 1053 510 1113 maris
526 1053 649 1113 evaserit
663 1053 792 1129 pericula
807 1057 838 1112 et
853 1058 1028 1130 periculosas
1042 1062 1161 1124 insidias
1177 1071 1366 1151 superaverit.
1387 1107 1420 1116 -
1442 1072 1514 1144 „Re-

422 1143 469 1222 gie
485 1142 675 1202 serenasse.
700 1144 727 1202 1.
745 1143 786 1202 49
803 1144 852 1203 fol.
870 1147 921 1206 31.
1451 1133 1549 1222 770'

327 1283 372 1294 ...
483 1278 529 1294 ..-
595 1249 669 1326 Regi
683 1250 803 1308 Francia
824 1251 943 1314 illustri.
973 1255 1108 1318 Destinat
1132 1261 1380 1342 arehiepiscopum
1402 1269 1514 1328 Narbo·

325 1377 328 1385 ·
420 1357 541 1399 nensem
563 1357 653 1414 super
674 1341 779 1398 mutuo
798 1341 837 1398 25
854 1343 970 1403 milium
992 1348 1176 1410 marcharum
1197 1354 1230 1412 iu
1254 1355 1420 1416 subsidium
1439 1359 1519 1428 11111Ι

421 1431 518 1491 sancte
534 1448 551 1486 a
565 1447 635 1506 rege
654 1427 818 1488 liberaliter
839 1449 979 1494 concesso.
1001 1469 1031 1480 -—
1055 1439 1149 1510 „Vsu
1171 1441 1191 1499 f.
1215 1461 1243 1502 n.
1268 1444 1515 1523 arehiepiscopum

269 1573 270 1582 ,
420 1519 665 1580 Narbonensem“.
689 1519 717 1577 (1.
735 1519 842 1580 49111.
860 1522 911 1582 31.
1451 1542 1514 1597 771

483 1615 550 1669 -ι
593 1625 667 1702 Regi
682 1625 777 1706 Sicilie
800 1627 918 1687 illustri.
941 1631 1043 1692 Frater
1063 1635 1206 1698 Martinus
1229 1639 1264 1699 de
1288 1641 1389 1702 ordine
1411 1644 1514 1703 militie

297 1753 299 1760 ,
331 1751 340 1806 5
420 1715 533 1791 Templi
555 1716 585 1774 et
607 1715 657 1772 alii
678 1714 742 1789 ejus
759 1716 841 1787 socii,
858 1737 931 1792 quos
946 1740 997 1780 rer
1012 1722 1053 1780 ad·
1063 1743 1164 1802 regem
1178 1729 1296 1788 Boemie
1312 1730 1514 1805 destinaverat,

323 1845 330 1852 -
419 1804 575 1865 redeuntes
590 1823 665 1879 pape
680 1805 793 1863 litteras
808 1808 887 1884 regis
900 1809 994 1868 Sicilie
1010 1818 1224 1887 presentarunt.
1249 1819 1365 1894 Suadet,
1381 1825 1425 1893 ut,
1441 1843 1513 1898 qua-

303 1949 304 1954 ,
420 1896 501 1954 tinus
511 1895 568 1953 hiis
577 1895 609 1952 in
624 1893 708 1952 dictis
723 1895 950 1957 continebantur
964 1900 1078 1974 litteris,
1096 1904 1194 1964 debita
1208 1907 1397 1969 meditatione
1414 1914 1516 1987 penset

419 1985 564 2061 perieulis,
591 2001 649 2057 que
664 1983 699 2042 de
716 2002 823 2060 guerra
838 1986 1014 2066 interreges
1029 1993 1147 2052 Boemie
1165 1997 1195 2054 et
1211 1997 1346 2074 Ungarie,
1373 2020 1516 2078 generum

420 2074 491 2150 ejus,
507 2073 672 2149 insurgant,
688 2074 746 2131 nisi
759 2073 824 2149 ejus
838 2076 971 2137 obstetur
984 2079 1084 2142 initiis.
1101 2083 1176 2143 Non
1191 2085 1344 2164 integra.
1363 2091 1515 2162 „Dilectus

421 2163 499 2224 filius
514 2161 636 2222 frater“.
659 2163 687 2220 O.
706 2163 745 2220 49
763 2163 812 2223 fol.
831 2160 896 2224 alb.
1451 2184 1516 2240 772

484 2303 527 2316 -
594 2269 668 2346 Regi
690 2270 784 2329 Sicilie
806 2273 924 2332 illustri.
955 2277 1021 2335 Non
1043 2279 1198 2353 turbetur,
1222 2282 1247 2340 si
1271 2285 1366 2344 rector
1388 2287 1514 2345 marchia

419 2359 601 2420 Anconitene
616 2359 791 2418 Rainaldum
807 2361 842 2420 de
852 2362 950 2422 Math'a
965 2368 996 2424 et
1010 2369 1151 2442 quosdam
1166 2371 1244 2442 alios,
1260 2375 1296 2431 ut
1311 2373 1428 2448 dicitur,
1445 2395 1515 2451 pro-

420 2451 543 2520 ditores,
565 2466 639 2524 quos
660 2449 739 2507 idern
753 2453 848 2511 rector
862 2456 991 2529 ceperat,
1014 2457 1046 2515 in
1061 2477 1166 2518 manus
1181 2462 1259 2538 regis
1274 2481 1333 2522 non
1348 2465 1454 2524 tradat.
1475 2497 1513 2510 -

420 2541 521 2613 „Siout
535 2538 759 2600 intefleximus‘fl
784 2542 812 2600 (1.
830 2542 870 2600 49
888 2543 937 2604 fol.
955 2539 1021 2604 31¹).
1451 2559 1514 2617 773

481 2684 526 2693 -
593 2647 667 2724 Regi
682 2647 776 2707 Sicilie
791 2649 910 2710 illustri.
933 2654 973 2711 Ut
992 2657 1088 2714 servet
1103 2656 1283 2718 Sisteroiensi
1299 2659 1395 2720 ordini
1410 2661 1516 2721 factam

419 2737 657 2815 compositionem
679 2755 768 2813 super
789 2739 914 2800 decimis.
939 2775 983 2786 -
1005 2745 1065 2815 „In
1087 2745 1197 2805 vestitu
1218 2747 1359 2808 deaurato
1367 2756 1393 2810 “.
1417 2753 1445 2812 O.
1473 2752 1513 2809 49

418 2829 535 2888 11132.
634 2829 637 2838 ’
1449 2843 1515 2901 774
1610 2907 1614 2914 ,

481 2995 525 3004 -
592 2958 665 3034 Regi
681 2957 777 3016 Sicilie
798 2957 915 3016 illustri.
940 2959 980 3017 Ut
1000 2978 1051 3017 rex
1074 2979 1174 3036 paoem
1195 2963 1350 3022 tractatam
1365 2982 1433 3023 cum
1448 2965 1514 3024 Flo·

325 3063 327 3071 ’
385 3119 387 3128 Ι
420 3047 1298 3132 1111111111111111111111111111111111,111111111111
1312 3054 1515 3113 molestentur.

420 3173 462 3184 -
479 3140 581 3213 „Nosti
597 3137 639 3195 fili
655 3137 827 3196 carissime“.
852 3137 880 3194 0.
899 3137 939 3194 49
956 3137 1005 3196 fol.
1024 3140 1073 3196 32.
1451 3147 1516 3205 775

482 3302 526 3310 -
593 3266 665 3342 Regi
680 3265 859 3324 Francorum
874 3264 992 3324 illustri.
1011 3265 1098 3338 Petit,
1114 3267 1150 3324 ut
1165 3267 1284 3340 placeat,
1301 3267 1338 3325 ad
1353 3269 1514 3326 acceleran-

419 3357 490 3416 dum
511 3357 614 3415 navale
637 3353 800 3413 subsidium
822 3355 900 3412 terre
922 3355 1019 3412 sancte
1037 3355 1077 3412 25
1093 3355 1176 3413 milia
1190 3373 1355 3414 marcarum
1369 3345 1515 3429 mutuare,

418 3447 453 3506 de
469 3446 577 3520 quibus
592 3447 690 3521 posset
705 3442 799 3502 eidem
814 3445 891 3502 terre
907 3443 1017 3518 absque
1033 3462 1113 3502 more
1131 3444 1281 3520 dispendio
1297 3445 1456 3506 subreniri.
1472 3480 1514 3490 —

326 3547 329 3558 ’
419 3536 493 3608 „Ubi
508 3536 663 3611 primum“.
689 3535 716 3592 O.
735 3535 775 3590 49
793 3532 840 3592 fol.
860 3526 925 3591 32¹).
1450 3540 1514 3597 776

481 3693 525 3704 -
592 3661 707 3720 Illustri
722 3660 965 3736 derosolymitano
981 3660 1012 3717 et
1027 3658 1105 3734 inri
1121 3659 1192 3735 regi.
1214 3659 1256 3718 De
1272 3659 1422 3718 concordia
1437 3659 1514 3718 inter

417 3769 518 3827 regem
534 3768 566 3808 11
580 3750 702 3809 barones
717 3747 872 3808 reformata
888 3748 998 3824 gaudet
1012 3749 1042 3806 et
1056 3751 1142 3824 rogat
1157 3749 1236 3824 pacis
1248 3751 1382 3821 actorem,
1398 3750 1434 3807 ut
1442 3749 1512 3824 ipse,

419 3839 497 3915 pacis
508 3838 656 3898 commoda
665 3838 856 3896 inuniversos
865 3837 933 3896 fidei
943 3834 1104 3896 Christiane
1114 3838 1241 3896 cultores
1256 3837 1417 3909 effundens,
1432 3837 1514 3896 illam

331 3971 333 3978 ,
418 3926 590 4004 intempore
605 3927 738 4004 longiora
753 3928 912 3986 conservet.
930 3927 1025 4002 Rogat
1034 3945 1142 4002 regem,
1159 3926 1514 4001 utunaoumpatriarcha

325 4011 329 4020 ⁴
418 4016 662 4094 Jerorolymitano
678 4017 839 4092 ceterisque
855 4015 1042 4092 magnatibus
1058 4017 1088 4074 et
1102 4015 1204 4074 incolis
1220 4016 1285 4074 aliis
1295 4015 1332 4074 ad
1341 4017 1419 4076 terre
1435 4033 1513 4076 sacre

418 4107 579 4166 custodiam
590 4106 712 4164 sollicito
728 4105 845 4164 studeat
859 4107 896 4175 et,
914 4106 1059 4180 quantum
1069 4105 1095 4163 ei
1105 4123 1140 4162 ex
1149 4106 1208 4164 alto
1223 4105 1400 4181 permissum
1415 4105 1513 4174 fuerit,

417 4197 454 4256 de
462 4195 700 4274 contingentibus
709 4195 784 4254 nihil
793 4195 918 4254 omittat.
926 4225 970 4235 -
979 4193 1097 4266 „Varias
1106 4213 1124 4251 a
1132 4195 1211 4252 tua“.
1222 4195 1301 4254 149
1312 4193 1361 4252 fol.
1372 4187 1439 4254 33¹³.
1449 4197 1514 4254 777

480 4355 524 4364 -
591 4317 1058 4396 ArchiepismpoRothomagensi.
1081 4319 1121 4376 Ut
1129 4317 1166 4376 ad
1181 4317 1293 4376 curiam
1308 4317 1386 4396 regis
1395 4317 1515 4376 Francia

362 4455 363 4460 η
419 4410 554 4470 accedens
576 4409 757 4469 Narbonensi
782 4408 995 4483 archiepiscopo
1018 4408 1050 4466 in
1072 4407 1160 4467 rebus
1184 4407 1332 4482 aliquibus
1356 4406 1515 4467 referendis

272 4545 276 4553 .
299 4549 330 4559 ...
419 4499 543 4560 assistat.
559 4531 603 4542 —
618 4498 839 4572 „Venerabilem
853 4497 1001 4557 fratrem“.
1023 4498 1052 4557 C.
1069 4496 1176 4556 4111.
1196 4490 1284 4556 133¹).
1450 4500 1514 4558 778
