3404 5280
285 492 325 549 54
734 491 943 538 aaacoarvs
963 491 992 540 x.
1016 491 1081 539 rava

281 651 389 749 Q

442 778 490 836 cui
514 777 602 838 etiam
617 796 693 854 papa
708 795 817 837 munus
832 777 1056 836 consecrationis
1070 776 1222 852 impendit.
1242 807 1279 820 -
1299 777 1486 849 „Debitnm“.
1500 779 1539 836 11.

441 866 481 926 id.
497 867 577 941 Maji.
596 868 635 925 21
653 887 681 942 p.
700 869 718 926 9
735 867 770 926 A.
1475 871 1542 926 680

281 972 432 1049 (Majilt.)
447 973 638 1034 Laterani.
653 973 836 1042 Patriarchis,
847 972 1075 1047 archiepiscopis,
1087 971 1242 1032 abhatibus
1257 975 1309 1032 etc.
1321 973 1353 1032 in
1362 973 1542 1034 lombardia.

447 1063 486 1120 Ut
509 1063 635 1122 eundem
659 1063 792 1140 legatum
816 1063 966 1138 recipiant.
991 1095 1035 1104 —-
1060 1062 1160 1133 „Inter
1183 1062 1308 1122 omnia.“
1339 1062 1426 1121 Sine
1451 1064 1542 1121 nota

444 1150 614 1210 chronol.
633 1153 674 1212 84
690 1172 717 1228 p.
738 1152 776 1212 12
794 1152 828 1210 A.
845 1151 879 1210 cf.
896 1151 928 1212 P.
947 1151 1074 1222 20‚554.
1475 1157 1540 1228 681

304 1299 321 1328 ‚‚
371 1257 419 1316 18.
511 1301 527 1329 ‚,
618 1259 758 1335 Magistro
774 1259 911 1318 Johanni.
934 1257 1069 1317 Habetur
1083 1276 1117 1316 ex
1137 1275 1188 1327 ea,
1212 1257 1290 1333 quod
1312 1258 1542 1334 archiepiscopus

445 1347 600 1423 Capuanus
616 1347 714 1406 fuerat
728 1349 911 1406 consecratus
932 1365 987 1423 per
1008 1365 1112 1405 manus
1127 1365 1202 1423 pape
1219 1348 1374 1406 Clementis
1390 1348 1542 1424 predeces-

442 1436 522 1496 soris.
540 1471 581 1480 -
599 1437 660 1507 „Ex
675 1438 804 1496 tenore“.
819 1437 880 1496 XV.
896 1437 952 1498 kal.
969 1436 1040 1495 Jun.
1060 1435 1098 1494 19
1116 1455 1145 1512 p.
1163 1437 1181 1494 8
1198 1437 1233 1495 A.
1322 1487 1324 1492 .
1476 1443 1543 1498 682

306 1584 323 1614 ,,
371 1542 422 1602 31.
513 1587 529 1615 ‚‚
619 1542 745 1602 Henrieo
760 1543 954 1602 londoniensi
970 1543 1110 1618 episcopo.
1134 1542 1309 1602 Absolvitur
1324 1542 1361 1602 ab
1376 1561 1542 1603 excommu-

443 1631 596 1702 nicatione,
614 1650 703 1708 quam
719 1633 889 1702 incurrerat,
907 1651 955 1701 ec,
975 1631 1053 1707 quod
1068 1633 1200 1708 tempore
1215 1631 1419 1691 turbationum
1434 1633 1544 1710 Anglie

442 1740 501 1780 non
516 1722 717 1797 publicaverat
732 1721 1041 1780 excommunicationes
1056 1719 1130 1778 latas
1144 1722 1176 1778 in
1190 1720 1322 1794 limones,
1338 1722 1423 1798 regni
1438 1719 1542 1780 turba·

442 1812 529 1881 tores,
546 1811 596 1870 sed
611 1812 653 1869 eis
669 1811 769 1887 potius
784 1811 936 1868 adheserat
945 1812 976 1868 et
985 1810 1182 1869 celebraverat
1196 1811 1363 1886 contempto
1378 1811 1543 1870 interdicto.

443 1933 483 1945 -
502 1901 602 1971 „Sicut
616 1900 842 1959 mtelleaimus“.
857 1900 896 1959 Π.
912 1899 970 1958 kal.
986 1899 1056 1958 Jun.
1075 1899 1116 1956 24
1132 1918 1160 1974 p.
1181 1900 1219 1958 10
1236 1899 1271 1958 A.
1478 1906 1544 1962 688

280 2024 352 2092 Jun.
393 2024 422 2083 2.
444 2025 489 2082 In
507 2024 677 2084 basilica
697 2042 718 2084 s.
735 2024 848 2082 Petri.
872 2024 1028 2083 Processus
1048 2021 1167 2082 habitus
1190 2025 1290 2082 contra
1311 2025 1388 2083 cives
1404 2024 1545 2082 Senenses
1673 2081 1675 2088 ,

441 2113 474 2172 in
499 2113 545 2172 die
567 2113 742 2172 ascensionis
764 2112 882 2171 domini.
900 2147 941 2156 -
963 2113 1054 2184 „Quia
1077 2110 1215 2171 dudum“.
1241 2113 1349 2172 Actum
1370 2113 1403 2171 in
1424 2112 1544 2172 basilica

442 2220 463 2260 s.
480 2203 568 2261 Petri.
587 2205 627 2261 25
645 2222 673 2278 p.
695 2201 804 2286 5511.
1477 2204 1544 2262 684

304 2353 321 2380 „
391 2311 420 2368 2.
511 2353 530 2382 ,‚
619 2310 773 2368 Processus
811 2307 929 2366 habitus
966 2308 1068 2366 eodem
1106 2307 1153 2365 die
1194 2310 1295 2366 contra
1332 2309 1459 2368 Pisanos.
1500 2308 1541 2368 26

441 2417 469 2473 c·
490 2399 599 2482 5541·
640 2428 646 2434 ·
1476 2403 1541 2458 aas

305 2548 322 2578 ‚‚
392 2505 462 2669 2.Ρ
492 2547 574 2651 ΒΞΔ
620 2504 775 2563 Ptocessus
791 2504 891 2562 contra
906 2503 1102 2575 Veronenses‚
1125 2503 1154 2560 L.
1172 2503 1276 2562 ducem
1290 2505 1412 2563 Bavarie
1428 2505 1541 2655 etaegg3

465 2638 471 2651 .
575 2634 601 2678 1.

304 2743 321 2774 „
392 2702 421 2760 2.
511 2743 528 2772 ‚‚
618 2701 772 2759 Processus
817 2701 917 2757 contra
959 2699 1107 2759 invasores
1145 2699 1285 2758 Silvensis
1322 2700 1459 2780 episcopi.
1500 2701 1540 2782 28

443 2790 602 2873 pean.
1476 2795 1540 2851 aar
1594 2771 1601 2790 ‘

304 2939 321 2967 „
392 2896 419 2954 6.
442 2896 551 2956 Rome
572 2895 671 2972 apud
694 2913 715 2954 s.
738 2895 904 2954 Petrum.
932 2895 962 2954 P.
987 2895 1022 2954 de
1044 2895 1211 2954 Tarantasio
1235 2894 1295 2954 ord.
1316 2894 1426 2962 Predic.
1450 2897 1541 2955 electo

441 2985 640 3063 Lugdunensi.
658 2985 853 3042 Constituitur
860 2984 1066 3061 Lugdunensis
1076 2984 1317 3060 archiepiscopus,
1327 2985 1414 3060 cujus
1424 2985 1541 3044 ecclesie

442 3075 513 3133 olim
534 3075 597 3150 ipse
620 3092 696 3150 papa
717 3074 870 3149 spirituale
885 3073 1051 3132 membrum
1067 3073 1171 3132 extitit.
1189 3108 1233 3116 —
1248 3073 1347 3145 „Iioet
1361 3073 1398 3132 ad
1413 3080 1540 3134 curam“.

443 3163 523 3224 VIII.
541 3163 579 3221 id.
597 3164 667 3221 Jun.
686 3163 726 3220 36
743 3182 770 3238 p.
791 3162 830 3220 12
847 3163 882 3222 A.
950 3162 986 3220 In
1002 3180 1025 3219 e.
1043 3183 1081 3221 m.
1099 3163 1298 3240 suffraganeis.
1327 3163 1329 3170 ’
1475 3165 1541 3224 688

306 3314 322 3343 ,,
393 3272 420 3329 8.
497 3269 540 3346 (,,)
615 3269 689 3346 Regi
705 3257 809 3328 Sicilie.
829 3268 986 3327 Confirmat
1001 3286 1121 3326 censum
1139 3268 1157 3327 8
1174 3269 1291 3327 milium
1306 3269 1462 3329 unciarum
1477 3272 1541 3329 auri

442 3360 474 3415 in
489 3357 562 3416 festo
576 3357 625 3417 bb.
642 3357 841 3433 apostolorum
856 3357 936 3416 Petri
952 3360 982 3416 et
993 3357 1078 3416 Pauli
1093 3377 1169 3416 anno
1184 3357 1268 3416 1272
1278 3358 1465 3434 integraliter
1480 3377 1541 3419 esse

442 3449 633 3523 persolutum.
651 3481 695 3489 —
711 3447 771 3518 „De
795 3465 884 3505 censu
904 3448 967 3505 octo
984 3447 1127 3506 milium“.
1143 3448 1192 3508 Vl.
1208 3447 1247 3507 id.
1263 3447 1333 3505 Jun.
1350 3450 1431 3523 pent.
1448 3451 1541 3508 nostri

443 3555 520 3595 anno
539 3532 584 3596 1⁰.
599 3537 628 3594 C.
647 3537 687 3595 49
705 3535 753 3594 fol.
773 3529 839 3595 30¹).
1474 3544 1541 3600 689

283 3642 363 3717 (ante
380 3644 472 3719 Sept.)
521 3677 562 3687 --
609 3643 774 3702 Patriarche
791 3643 1041 3719 ierosolymitano.
1067 3641 1223 3718 Significat,
1250 3643 1328 3718 quod
1345 3643 1490 3704 Oliverius
1505 3646 1541 3705 de

442 3733 595 3803 Termulis,
612 3733 695 3790 miles
705 3733 752 3807 pie
765 3731 927 3790 devotionis
941 3731 1139 3790 inflammatus
1154 3732 1267 3803 affectu,
1283 3751 1337 3807 per
1351 3733 1495 3792 nuncium
1510 3738 1542 3794 et

442 3821 549 3880 litteris
562 3820 672 3897 optulit
686 3839 716 3879 se
731 3821 867 3897 paratum
882 3839 949 3879 curn
965 3820 1078 3878 decenti
1093 3819 1228 3879 comitiva
1243 3821 1373 3880 militum
1388 3840 1442 3881 seu
1456 3825 1541 3899 pedi·

441 3912 509 3968 tum
522 3909 555 3968 in
569 3912 647 3969 terre
661 3911 758 3968 sancte
774 3908 937 3968 subsidium
955 3910 1078 3968 instanti
1097 3909 1266 3985 Septembre
1284 3911 1418 3988 passagio
1443 3914 1541 3974 tram-

442 3999 566 4071 fretare‚
593 3999 737 4074 disquirat
760 3998 879 4056 consilio
903 3999 982 4075 regis
1007 3999 1102 4057 Sicilie
1126 3999 1265 4074 adjutus,
1291 4003 1366 4074 quot
1390 4002 1542 4079 regulares

443 4090 474 4146 et
494 4088 591 4146 idonei
616 4089 676 4146 sint
698 4087 861 4146 bellatores.
886 4121 929 4130 -
952 4087 1107 4159 „Dilectus
1131 4088 1210 4147 filius
1234 4088 1412 4148 Oliverius“.
1445 4091 1472 4149 C.
1497 4094 1539 4152 49

443 4176 492 4236 fol.
511 4177 551 4236 88
1474 4187 1542 4243 690

283 4303 360 4378 Sept
390 4303 418 4360 9.
441 4299 551 4376 Apud
567 4301 701 4359 Urbem
721 4303 897 4359 veterem.
921 4299 1049 4358 iohanni
1064 4299 1228 4376 patriarche
1244 4301 1393 4362 (trudensi.
1418 4305 1540 4365 Creatur

443 4388 598 4447 Gradensis
612 4389 789 4465 patriarcha,
806 4388 936 4463 palleum
951 4389 978 4446 ei
992 4389 1212 4450 transmittitur.
1238 4423 1283 4433 -
1308 4393 1363 4462 „In
1387 4393 1538 4469 dispensa-

442 4477 547 4536 tione“.
573 4479 604 4537 V.
620 4477 660 4537 id.
676 4478 753 4552 Sept.
771 4479 811 4534 65
828 4495 856 4551 p.
875 4478 914 4534 21
932 4477 966 4536 A.
1011 4479 1048 4536 In
1063 4495 1086 4536 e.
1102 4498 1141 4536 m.
1158 4480 1288 4555 capitulo
1305 4481 1453 4542 Gradcnsi.
1470 4489 1536 4550 691
