3464 5280
1345 589 1349 598 '
1408 594 1469 656 121

219 751 340 818 stitutis
364 754 398 816 et
413 751 539 832 auditis,
564 774 626 837 que
649 754 739 819 fuere
755 753 922 817 hincinde
938 752 1105 838 proposita
1120 773 1226 817 coram
1241 752 1321 837 ipso,
1344 753 1471 818 invenit

218 841 406 906 electionem
429 842 468 906 de
491 843 618 927 prefato
633 843 677 921 L,
702 843 757 927 qui
780 842 1019 926 postmoduma
1038 842 1215 907 venerabili
1237 842 1336 906 fratre
1360 845 1471 910 nostro

218 983 224 995 .
250 982 256 994 .
281 981 287 994 .
312 931 549 1017 archiepiscopo
572 932 765 1018 Maguntino
788 933 848 997 loci
877 932 1126 1017 metropolitano
1155 954 1273 996 munus
1304 932 1365 997 sibi
1394 954 1471 996 con·

216 1021 408 1085 firmationis
432 1024 465 1085 et
488 1021 734 1087 consecrationis
757 1021 903 1105 impendi
925 1021 1117 1098 obtinuerat,
1141 1023 1254 1106 utpote
1279 1021 1382 1085 adhuc
1404 1042 1471 1085 non

217 1111 354 1173 vacante
378 1110 462 1174 dicta
485 1111 616 1174 ecclesia
639 1111 707 1176 fore
731 1114 954 1195 presumptum
984 1111 1097 1174 amodo
1129 1110 1291 1194 quondam
1322 1110 1470 1194 episcopo

216 1199 482 1264 Halberstadensi
502 1199 647 1263 nondum
670 1201 837 1266 obtinente
860 1198 995 1264 cedendi
1017 1199 1182 1263 licentiam
1204 1199 1280 1263 licet
1303 1220 1374 1263 eam
1399 1221 1471 1264 eum

215 1288 374 1351 instantia
397 1291 490 1373 postu
472 1290 634 1354 ulasseta
658 1290 773 1354 dilecto
795 1290 861 1354 filio
884 1291 994 1353 nostro
1018 1288 1072 1367 H.,
1102 1287 1190 1352 tituli
1217 1291 1325 1353 sancte
1351 1287 1470 1353 Sabine

215 1377 405 1460 presbytero
428 1379 596 1456 cardinali
626 1379 739 1442 tunc
730 1402 765 1443 1n
789 1379 936 1463 partibus
961 1378 1153 1442 Alamannis
1183 1378 1355 1462 apostolice
1386 1377 1470 1442 sedis

216 1467 335 1550 legato,
358 1471 492 1552 propter
515 1468 702 1552 generalem
726 1468 824 1532 etiam
846 1467 975 1533 inhibit
951 1470 1082 1542 tronem,
1106 1466 1172 1530 ab
1163 1488 1233 1552 1pso
1248 1467 1357 1552 133310
1374 1468 1470 1531 01313-

216 1577 293 1632 33111,
317 1558 354 1618 31
378 1557 468 1620 33113
491 1557 602 1620 electio
625 1556 660 1620 in
683 1579 785 1642 regno
803 1558 971 1622 Alamanie
995 1558 1094 1634 fieret,
1119 1557 1188 1640 ejus
1211 1557 1394 1640 irrequisito
1418 1579 1469 1621 33-

216 1665 322 1722 333311,
346 1667 444 1729 3111131
467 1647 582 1730 quibus
605 1647 708 1711 dictus
724 1647 894 1711 cardinalis
911 1647 951 1710 ab
968 1646 1078 1710 codem
1094 1646 1314 1730 predecessore
1331 1645 1469 1730 speciale

215 1734 406 1798 mandatum
421 1735 570 1814 habebat,
593 1736 801 1800 denunciavit
825 1736 1012 1801 electionem
1035 1735 1218 1818 hujusmodi
1241 1735 1372 1820 penitus
1395 1734 1469 1798 irri-

215 1826 284 1887 tam
308 1826 341 1887 et
364 1824 553 1889 electionem
576 1823 689 1910 postea
719 1826 757 1889 de
788 1827 859 1910 ipso
876 1825 1014 1892 Volrado
1039 1824 1232 1888 celebratam
1255 1825 1406 1888 canonice
1429 1824 1469 1888 de

213 1913 351 1976 fratrum
375 1936 503 1978 suorum
527 1915 658 1979 consilio
681 1915 889 1979 confirmavit.
928 1916 1048 1980 Verum
1064 1915 1121 1978 310,
1138 1935 1239 1998 usque
1262 1913 1469 1998 promulgata

214 2002 351 2067 ubilibet
373 2004 527 2067 canoniea
549 2003 734 2069 monitione.
781 2007 879 2068 Porro
902 2003 988 2067 idem
1010 2002 1060 2078 L.,
1084 2001 1266 2086 hujusmodi
1289 2002 1468 2068 sententias

215 2091 467 2176 dampnabiliter
490 2093 694 2177 vilipendens
718 2096 751 2157 31
774 2093 1030 2158 maledictionem
1053 2091 1168 2156 bibens
1190 2095 1228 2154 ut
1257 2113 1388 2176 aquam,
1419 2090 1467 2154 di-

214 2181 299 2245 vinis
329 2181 440 2246 officiis
469 2185 591 2246 temere
621 2205 655 2248 se
686 2183 844 2248 immiscet
866 2184 901 2246 in
930 2181 1036 2245 anime
1067 2202 1122 2245 3113
1153 2181 1337 2265 periculum,
1364 2181 1467 2264 ipsius

214 2270 308 2334 electi
337 2271 548 2355 prejudicium
579 2274 612 2336 et
642 2273 851 2337 ecclesiastice
883 2270 1051 2355 discipline
1081 2272 1302 2354 contemptum
1332 2272 1364 2332 31
1393 2269 1468 2334 11031

209 2359 279 2442 jam
303 2359 406 2425 dictus
430 2361 634 2445 predecessor
657 2361 760 2426 eidem
783 2362 817 2426 L.
840 2362 927 2425 inter
956 2359 1034 2423 31133
1058 2359 1180 2444 3131133
1203 2359 1393 2423 concessisse
1417 2358 1467 2422 di·

213 2450 314 2526 catur,
338 2451 382 2526 111,
406 2451 434 2514 31
457 2472 491 2514 33
515 2449 668 2514 administ
654 2453 808 2515 tratorem
837 2471 903 2513 non
933 2449 1111 2534 ingereret,
1143 2448 1349 2532 episcopatus
1381 2449 1467 2533 ejus·

213 2537 287 2601 dem
311 2539 488 2621 pontificali
502 2540 629 2624 dignita
630 2540 843 2625 1133331313
821 2537 952 2602 tidem
967 2537 1136 2614 tamenL,
1152 2539 1264 2601 contra
1279 2537 1468 2601 mandatum

212 2626 316 2729 ipsius
340 2627 571 2712 predecessoris
595 2632 669 2713 post
692 2630 906 2714 privationem
927 2629 1104 2712 gratiarum
1120 2587 1175 2710 liuj
1178 2625 1414 2690 usmodietlt
1380 2629 1467 2690 331111

212 2715 249 2779 in
271 2717 379 2801 ipsum
394 2719 729 2782 excommunicationis
745 2718 949 2796 sententiam,
966 2738 1000 2781 33
1018 2649 1288 2780 administrationi
1304 2715 1379 2780 dieti
1396 2715 1467 2802 epi-

215 2807 397 2889 scopatus
388 2829 550 2890 13331333,
573 2808 689 2872 crisma
712 2809 910 2892 presumpsit
932 2807 1085 2870 conficere
1109 2805 1379 2888 sollempniteret
1365 2805 1466 2883 13113,

215 2917 277 2979 que
302 2894 343 2958 ad
365 2897 505 2960 officium
528 2897 711 2980 pontificale
735 2897 910 2981 pertinent,
935 2894 1185 2979 dampnabiliter
1200 2915 1353 2958 exercerc.
1387 2854 1466 2958 (luni

213 2984 316 3069 igitur
338 2985 463 3067 publice
494 2986 644 3050 utilitatis
673 2986 816 3063 intersit,
848 2988 885 3048 ut
916 3006 1062 3049 excessus
1092 2983 1233 3048 vindicta
1262 2985 1405 3047 00310331
1434 2986 1468 3048 31

213 3096 301 3158 pena
323 3073 510 3152 limitentur,
534 3075 654 3140 offense
673 3036 871 3151 mandamus,
896 3076 974 3158 quat
976 3096 1063 3150 enus,
1087 3073 1151 3137 nis1
1141 3072 1349 3156 sepedictus
1364 3072 1423 3140 L.
1413 3093 1466 3136 rn-

213 3165 264 3226 fra
278 3163 345 3227 XV.
361 3162 428 3227 dies
452 3167 526 3247 post
548 3165 756 3230 monitionem
780 3167 870 3228 tuam
893 3163 1054 3227 mandatis
1078 3162 1268 3246 apostolicis,
1291 3162 1331 3226 ab
1352 3160 1466 3226 eodem

213 3251 436 3336 predecessore
470 3253 651 3336 superbiis
675 3253 865 3329 sibifactis,
896 3252 1054 3316 curaverit
1076 3250 1217 3329 obedire,
1249 3253 1366 3314 extunc
1392 3272 1466 3314 eum

212 3341 321 3424 prives
346 3342 435 3404 omni
458 3341 562 3404 officio
587 3345 620 3406 et
641 3343 795 3406 beneficio
819 3342 1039 3419 ecclesiastico,
1064 3342 1179 3424 quibus
1202 3339 1341 3403 reddidit
1363 3361 1396 3403 se
1412 3339 1464 3403 in·

212 3429 357 3515 dignum,
381 3432 414 3493 et
435 3430 471 3493 in
495 3430 635 3508 abbates,
658 3433 793 3516 priores,
817 3430 967 3516 prelatos,
990 3430 1158 3494 canonicos
1182 3431 1215 3492 31
1236 3428 1365 3492 01311003
1388 3428 1465 3493 civi-

211 3519 290 3583 tatis
315 3521 348 3581 et
369 3519 501 3583 diocesis
525 3519 807 3585 Halberstadensis
835 3541 983 3584 necnon
1007 3519 1160 3584 vassallos
1184 3521 1217 3582 31
1238 3517 1465 3583 ministeriales

211 3609 314 3692 ipsius
338 3609 466 3672 ecclesie
483 3609 771 3689 Halberstadensis,
795 3609 859 3674 nisi
883 3608 986 3673 eidem
1007 3607 1208 3672 intenderint
1231 3610 1264 3671 et
1286 3606 1467 3671 obedierint

211 3720 248 3762 ac
272 3697 310 3775 ei,
334 3700 371 3760 ut
395 3697 482 3782 patri
506 3700 539 3761 et
562 3699 685 3783 pastori
701 3701 882 3763 animarum
898 3719 1036 3776 suarum,
1061 3697 1224 3761 astiterint
1238 3699 1349 3761 contra
1364 3696 1464 3776 illum,

209 3787 389 3851 monitione
413 3786 570 3871 premissa
593 3789 929 3853 excommunicationis
952 3787 1061 3852 ferens
1084 3787 1281 3851 sententiam
1305 3788 1465 3850 30131133

210 3898 320 3941 eornm
343 3897 531 3960 supponens
555 3876 764 3942 eeclesiastico
786 3877 966 3954 interdicto,
989 3876 1076 3962 ipsos
1100 3878 1134 3940 31
1148 3875 1267 3940 dictum
1283 3875 1317 3940 L.
1332 3874 1464 3954 tamdiu,

209 3965 349 4052 singulis
373 3965 484 4030 diebus
508 3965 675 4032 dominicis
701 3970 734 4030 et
756 3966 881 4032 festivis
910 3964 1048 4050 pulsatis
1079 3964 1244 4049 campanis
1268 3967 1302 4028 et
1323 3963 1464 4028 candelis

209 4055 359 4132 accensis,
383 4055 671 4122 excommunicatos
695 4057 821 4139 publice
844 4055 978 4119 nuncies
994 4057 1027 4118 et
1043 4055 1083 4119 ab
1100 4055 1171 4119 aliis
1194 4053 1342 4118 33301311
1364 4053 1464 4118 facias

209 4167 245 4209 ac
262 4145 302 4208 ab
318 4144 467 4208 omnibus
484 4144 583 4209 artius
600 4145 721 4223 evitari,
745 4145 845 4210 donee
860 4144 1057 4228 resipuerint
1072 4167 1091 4206 3
1106 4142 1279 4227 premissis.
1315 4140 1464 4206 Ceterum

209 4234 249 4298 ad
273 4234 375 4319 ipsius
398 4234 594 4318 proterviam
618 4235 830 4299 edomandam
853 4231 1464 4297 0111131313Η31113131311333313313113

208 4325 277 4388 1003
301 4323 362 4387 sibi
386 4323 578 4401 assistentia,
602 4323 920 4408 131113311011133013
936 4321 1108 4387 existentia
1126 4343 1182 4386 seu
1207 4321 1247 4384 ad
1270 4342 1332 4406 que
1355 4320 1463 4407 ipsum
1596 4331 1598 4338 “

208 4413 359 4477 devenire
383 4411 563 4497 contigerit,
586 4435 753 4498 supponas
776 4409 1186 4489 300133133110013101111010,
1210 4411 1257 4475 ita
1281 4410 1365 4494 quod
1388 4410 1462 4475 nul·

205 4503 274 4565 lum
289 4501 387 4566 13013
411 4501 577 4565 diutinum
600 4501 777 4566 celebretur
800 4500 939 4566 officium
956 4502 989 4564 et
1005 4500 1193 4569 exhibeatur
1216 4499 1461 4564 ecclesiasticum

205 4593 442 4656 sacramentum
466 4593 576 4674 preter
599 4591 797 4675 penitentias
821 4590 1028 4654 morientium
1057 4593 1091 4654 31
1119 4590 1316 4673 baptismata
1338 4610 1458 4673 parvu-
