3404 5280
589 570 767 621 oteness
788 574 825 626 lv,
855 576 931 624 1265.
1343 576 1383 636 37

132 732 241 832 1-26-5.

293 859 465 933 decertabat,
489 878 568 918 nunc
592 878 660 920 vero
684 859 720 918 ab
742 863 804 937 ipso
826 862 858 919 in
880 861 1005 920 vinculis
1027 860 1185 931 detinetur,
1205 861 1323 921 relaxet.
1339 894 1383 904 -

291 949 447 1019 „Nobilem
468 951 591 1008 virum“.
614 950 679 1010 VII.
693 947 751 1009 kal.
767 951 851 1010 Mart.
868 950 888 1007 4
908 968 936 1024 p.
955 951 994 1008 59
1011 951 1064 1034 Ai.
1133 950 1282 1026 Scriptum
1297 949 1333 1008 de
1349 968 1383 1008 eo

293 1038 425 1114 episcopo
439 1039 575 1098 Firmano
590 1040 620 1097 et
634 1039 726 1113 priori
740 1039 857 1098 ecclesie
873 1057 895 1098 s.
912 1039 1077 1099 Salvatoris.
1316 1045 1383 1099 448

128 1160 268 1221 scarae.
291 1161 451 1221 Perusii.
475 1163 575 1222 Nobili
590 1165 653 1222 viro
667 1165 820 1238 potestati,
843 1164 948 1238 priori,
966 1163 1085 1222 consilio
1101 1165 1131 1221 et
1146 1164 1295 1248 communi
1309 1161 1384 1238 Spo-

292 1251 464 1310 letanorum.
490 1253 529 1311 Ut
544 1252 687 1310 Joanncm
697 1253 827 1326 judicem
842 1271 910 1311 cum
925 1255 1052 1328 quotuor
1066 1253 1130 1327 ejus
1145 1249 1242 1323 sociis,
1258 1271 1331 1327 quos
1347 1252 1384 1311 ob

292 1340 499 1399 fidedelitatem
522 1341 648 1400 Romane
673 1342 790 1400 ecclesie
819 1343 949 1400 retinent
978 1342 1122 1416 captivos,
1154 1340 1313 1400 dimittant.
1339 1375 1383 1385 —

293 1417 556 1502 „Considerantes“.
572 1431 621 1492 Vl.
637 1431 695 1491 kal.
711 1432 794 1490 Mart.
813 1433 831 1490 3
847 1451 876 1506 p.
895 1432 934 1489 59
951 1431 1005 1514 A1.
1316 1436 1383 1492 449

153 1577 173 1608 „
222 1537 272 1596 24.
337 1575 378 1609 ,„
469 1537 568 1596 Carolo
584 1537 683 1596 comiti
697 1538 857 1598 Provincia.
873 1539 912 1597 Ut
927 1557 943 1596 a
959 1537 1071 1596 damnis
1080 1537 1251 1596 Asocncnsis
1266 1537 1383 1596 ecclesie

292 1625 652 1698 abstineat.—,‚Quanto“.
659 1627 709 1687 VI.
715 1627 772 1686 kal.
780 1628 863 1686 Mart.
872 1646 897 1686 a.
908 1621 952 1686 1⁰.
962 1629 979 1686 2
988 1647 1016 1702 p.
1028 1627 1043 1684 1
1054 1627 1082 1685 O.
1090 1626 1124 1686 cf.
1132 1627 1163 1686 P.
1175 1627 1300 1696 19‚088.
1315 1630 1383 1714 451)Ι

126 1749 215 1808 Mart.
239 1749 268 1808 4.
357 1793 374 1823 ‚‚
464 1750 495 1809 P.
511 1751 644 1826 episcopo
658 1751 860 1826 Aquinatemi.
884 1752 1044 1827 Episcopus
1068 1751 1232 1810 Sabinensis
1258 1753 1381 1821 creatur,

290 1840 338 1912 oui
361 1839 539 1916 episcopatui
554 1843 677 1916 ipsomet
690 1860 766 1916 papa
779 1842 862 1917 prius
883 1843 1006 1916 preerat.
1023 1874 1065 1914 .··
1082 1841 1293 1912 „Honestatis“.
1309 1839 1381 1898 1111.

289 1947 349 1987 non
364 1931 448 1990 Mart.
467 1931 484 1988 5
500 1949 529 2006 p.
547 1932 564 1990 2
581 1932 616 1990 A.
1315 1933 1381 1989 451

148 2078 167 2108 ,,
239 2035 267 2095 7.
356 2078 373 2107 ,,
424 2080 426 2085 .
462 2037 615 2107 Potestati,
632 2037 751 2096 oonsilio
766 2039 796 2096 ct
812 2040 960 2097 communi
974 2037 1063 2096 Rocce
1087 2037 1217 2096 contrata
1240 2035 1381 2094 Camerin.

290 2124 362 2184 dioc.
378 2127 516 2201 spiritum
531 2127 645 2186 consilii
660 2126 789 2186 sanioris.
804 2127 915 2204 Arguit
929 2144 993 2199 eoa,
1016 2126 1094 2202 quod
1110 2127 1277 2203 episcopum
1291 2124 1381 2184 Foro·

289 2214 520 2274 simfronicnsem
543 2218 673 2292 ceperint
696 2234 729 2274 ao
752 2216 949 2287 detinuerint3
973 2215 1102 2287 mandat,
1126 2217 1162 2274 ut
1185 2213 1311 2273 eundem
1325 2213 1381 2273 sub

289 2302 346 2361 fida
360 2305 492 2364 custodia
506 2305 543 2362 ad
557 2307 655 2380 ipsum
668 2324 775 2382 papam
789 2306 999 2364 transmittent.
1015 2337 1060 2348 -
1075 2304 1166 2376 „Quia
1174 2305 1207 2362 in
1222 2304 1381 2388 captione“.

288 2411 356 2452 non
371 2393 456 2454 Mart.
474 2395 491 2453 3
508 2413 537 2471 p.
556 2395 571 2452 1
588 2396 624 2454 A.
1313 2397 1381 2476 452ι

146 2543 165 2573 ,,
239 2500 267 2560 7.
356 2543 373 2572 ,,
465 2501 491 2561 S.
506 2503 554 2560 tit.
569 2520 591 2561 s.
608 2501 709 2561 cecilie
724 2501 819 2575 presb.
842 2501 917 2560 card.
939 2503 1031 2577 apost.
1053 2500 1111 2560 sed.
1134 2500 1240 2578 legato.
1264 2502 1303 2559 Ut
1326 2520 1381 2576 pro

288 2591 406 2666 negotio
415 2592 501 2668 regni
510 2591 607 2650 Sicilie
619 2591 712 2666 possit
727 2590 875 2650 absolvere
890 2592 1104 2667 crucesignatos
1118 2609 1172 2666 pro
1186 2592 1266 2649 tcrra
1280 2593 1380 2649 sancta

288 2697 394 2755 eosque
408 2680 445 2738 ad
460 2679 572 2739 dictum
586 2682 740 2758 negotium
754 2681 840 2756 regni
849 2681 945 2739 Sicilie
959 2681 1136 2740 convertere.
1148 2714 1187 2722 -
1205 2681 1296 2751 „Cum
1310 2697 1378 2754 pro·
1410 2749 1411 2752 Ἴ

287 2770 405 2829 motio“.
420 2786 488 2829 non.
503 2771 590 2829 Mart.
608 2770 623 2827 1
641 2789 669 2844 p.
689 2770 728 2828 50
744 2771 798 2854 A,-
1312 2773 1379 2829 453

145 2918 163 2948 ,,
215 2876 265 2936 11.
354 2919 371 2947 ,,
462 2876 489 2936 S.
505 2876 552 2936 tit.
569 2895 589 2935 s.
606 2877 726 2935 Martini
746 2876 842 2952 presb.
865 2876 939 2935 card.
963 2877 1053 2950 apost.
1074 2875 1132 2934 sod.
1147 2875 1254 2952 legato.
1269 2875 1379 2934 Confir-

287 2967 386 3024 matur
400 2968 495 3024 rector
517 2965 640 3025 ducatus
656 2966 804 3042 Spoletani
823 2966 940 3043 legatus
955 2964 1134 3024 Lombardie.
1150 2997 1194 3007 -
1209 2965 1330 3036 „osma
1345 2965 1379 3028 V.

288 3055 328 3114 id.
342 3056 427 3114 Mart.
444 3055 462 3113 6
478 3074 507 3130 p.
525 3057 542 3114 2
559 3055 597 3115 A.
1313 3059 1381 3115 454

147 3205 164 3235 ,,
215 3162 266 3222 19.
355 3204 372 3233 ,,
462 3162 489 3222 S.
504 3163 552 3222 tit.
568 3163 704 3221 stlecilie
718 3163 813 3238 presb.
830 3160 905 3221 card.
922 3163 1013 3237 apost.
1029 3161 1087 3221 sed.
1102 3160 1210 3238 legato.
1227 3162 1265 3220 Ut
1281 3180 1381 3220 omncs

288 3251 441 3326 compellat
456 3251 567 3311 solvere
583 3252 724 3310 decimam
742 3269 910 3311 conversam
925 3252 1024 3310 Carolo
1039 3268 1092 3326 pro
1107 3268 1205 3328 regno-
1216 3251 1320 3310 Sicilie.
1336 3285 1381 3294 -

287 3340 408 3412 „Felicis
422 3341 655 3401 recordationis“.
671 3341 766 3400 XHII.
781 3341 838 3400 kal.
854 3342 924 3416 Apr.
942 3343 959 3399 2
976 3360 1005 3416 p.
1024 3341 1062 3398 59
1079 3340 1133 3424 A1.
1313 3345 1381 3401 455

146 3489 163 3518 ,,
213 3447 265 3507 23.
354 3489 371 3517 ,,
461 3448 842 3524 Archiepiscopolspalcnsi.
859 3448 898 3505 Ut
913 3447 1032 3524 colligat
1047 3448 1234 3505 centesimam
1250 3447 1381 3505 omnium

287 3535 706 3596 fructuumecclesiasticorom
714 3536 1380 3613 contraSaracenos-„Angitcornostrum“.

185 3653 191 3662 .
287 3626 320 3684 X.
336 3625 395 3685 kal.
409 3627 480 3702 Apr.
500 3627 539 3684 14
554 3646 583 3704 ρ,
601 3627 621 3685 4
636 3627 672 3688 A.
1314 3628 1382 3686 456

146 3775 164 3805 ,,
213 3733 265 3791 23.
355 3774 371 3802 ,,
461 3734 609 3794 Universis
625 3728 958 3794 matisconense*
982 3735 1066 3792 orent
1089 3751 1143 3808 pro
1164 3750 1234 3810 rege
1252 3733 1382 3791 ’00050110

287 3824 388 3881 matra
397 3822 559 3894 Saracenos,
575 3823 743 3884 conceditur
758 3823 950 3900 indulgentia.
967 3857 1011 3865 —
1027 3821 1128 3894 „Quod
1143 3822 1265 3882 voluit“.
1280 3819 1314 3880 X.
1323 3821 1381 3882 kal.

286 3911 357 3986 Apr.
377 3911 415 3968 15
431 3931 459 3987 p.
478 3913 497 3970 4
513 3913 548 3971 A.
1314 3915 1380 3971 457

145 4061 163 4090 ,,
211 4018 263 4078 26.
353 4059 370 4089 ,,
460 4019 683 4096 Archicpisoopo
698 4020 847 4095 Ispalensi.
872 4020 915 4078 De
934 4020 1112 4096 grassatione
1128 4018 1335 4078 Saracenorum
1350 4019 1382 4076 in

285 4107 443 4182 Hispania3
465 4108 584 4167 mandat
607 4110 750 4185 predicari
771 4127 886 4169 nucem
907 4111 1008 4168 contra
1029 4110 1116 4183 ipsos.
1132 4141 1177 4150 -
1191 4105 1276 4177 „Non
1292 4106 1381 4167 sine“.

287 4196 510 4272 VH.kal.Apr.
531 4197 569 4257 13
585 4218 615 4274 p.
633 4200 651 4258 3
668 4200 703 4259 A.
1314 4200 1382 4256 458

144 4346 163 4376 ,,
187 4293 263 4363 28.
298 4360 300 4364 ,
354 4345 371 4376 ,,
462 4303 994 4382 S.tit.s.Martiniprcsb.cardapost.
1010 4304 1068 4363 sed.
1083 4304 1190 4380 legato.
1206 4303 1413 4387 Utcastrnm.

287 4392 322 4450 de
331 4392 481 4464 Recanate,
498 4394 577 4469 quod
593 4415 610 4453 a
624 4394 773 4454 Manfredo
788 4395 902 4466 defecit,
919 4393 1075 4470 episcopali
1091 4393 1230 4470 dignitati
1244 4391 1383 4450 restituat

189 4546 194 4551 ⁸
286 4483 430 4557 uniatque
446 4484 794 4546 ecclcsioHumanatensi.
810 4519 854 4528 -
870 4485 965 4556 „Olim
980 4482 1137 4560 apostolica
1151 4482 1259 4541 sedes“.
1275 4481 1308 4540 V.
1323 4480 1382 4540 kal.

286 4572 358 4649 Apr.
377 4572 392 4630 7
409 4592 438 4650 p.
458 4575 496 4631 59
513 4573 567 4660 Ag·
1311 4572 1380 4629 459
