3404 5280
293 551 334 612 28
479 603 485 616 ,
641 607 643 614 ,
744 553 1084 604 nuncuparemur.

294 712 389 774 1264.

290 837 356 897 Jan.
376 839 427 898 31.
449 839 558 914 Apud
574 839 707 903 Urbem
722 843 897 901 veterem.
908 841 1543 922 archiepiscopoBurdegalensi.Quodhomi·

449 947 521 987 num
530 930 616 1006 regni
621 930 749 989 Navarre
757 931 874 990 illicitas
886 931 1099 1006 conjurationes
1110 932 1261 1004 dissolvat;
1272 934 1299 992 ei
1308 935 1397 1006 enim,
1406 935 1439 992 13
1446 954 1543 994 unum

449 1021 652 1078 convenientes
667 1021 795 1095 aliquem
817 1039 833 1078 e
854 1020 915 1078 suis
930 1020 1086 1098 eligebant,
1102 1025 1150 1080 cui
1165 1022 1282 1082 obedire
1293 1023 1445 1097 jurabant,
1461 1024 1541 1099 quod

448 1108 480 1166 in
504 1127 592 1185 grave
613 1111 693 1186 regis
715 1109 911 1185 prejudicium
933 1128 1053 1187 vergere
1076 1113 1199 1185 poterat
1217 1145 1257 1155 -
1281 1112 1342 1185 „Ex
1366 1115 1478 1188 parte“.
1502 1113 1542 1172 11.

449 1197 505 1255 kal
521 1196 604 1257 Febr.
621 1197 661 1255 97
679 1218 707 1273 p.
725 1199 765 1257 30
782 1199 815 1258 D.
1475 1207 1542 1261 333

288 1318 372 1380 Febr.
399 1321 425 1378 1.
515 1364 533 1394 „
622 1322 763 1400 Magistro
784 1324 815 1382 et
836 1322 975 1382 fratribus
997 1323 1103 1382 militie
1118 1342 1140 1384 s.
1155 1323 1265 1384 Jaccbi.
1296 1326 1336 1383 Ut
1345 1325 1433 1400 juxta
1447 1327 1540 1402 privi-

447 1411 559 1488 legium
574 1410 631 1469 sibi
645 1431 812 1471 concessum
830 1413 964 1490 generale
980 1413 1141 1488 capitulum
1157 1416 1314 1488 quotannis
1330 1413 1486 1474 celebrent.
1496 1447 1540 1458 -

447 1500 618 1577 „Insignis“.
648 1501 704 1559 131.
721 1502 804 1563 Febr.
823 1502 884 1561 105
900 1521 928 1578 p.
946 1503 986 1560 31
1003 1501 1038 1562 D.
1474 1509 1538 1565 337

310 1665 327 1695 ,,
397 1625 459 1683 5.’
514 1667 532 1697 ,,
620 1627 762 1703 Episcopo
772 1626 941 1704 Agatheni.
957 1627 1000 1685 De
1011 1626 1136 1698 Cambio,
1146 1627 1208 1686 cive
1216 1627 1539 1698 Florentino,adeccle-

446 1713 519 1772 siam
532 1716 813 1787 reverso-„Olim
827 1716 859 1775 in
874 1717 920 1775 die
936 1721 1032 1776 cene“.
1054 1735 1121 1778 non.
1130 1715 1214 1775 Febr.
1239 1716 1302 1775 104
1317 1735 1346 1792 p.
1366 1716 1405 1776 31
1423 1716 1458 1775 D.
1474 1723 1538 1777 338

308 1862 325 1890 ,,
396 1819 423 1880 7.
513 1863 530 1892 ,,
618 1820 840 1898 Archiepiscopo
860 1823 1032 1895 13311333,
1051 1822 1083 1880 13
1105 1822 1236 1881 Sardinia
1259 1826 1290 1882 et
1312 1824 1424 1882 Corsica
1448 1825 1538 1899 apost.

447 1910 505 1970 scd.
519 1911 626 1988 legato.
658 1912 763 1970 Contra
777 1912 963 1971 ecclesiarum
977 1911 1103 1987 prelatos
1112 1912 1274 1972 illiteratos.
1284 1947 1329 1955 -
1343 1913 1407 1984 „Ad
1416 1913 1537 1971 audien-

445 2000 544 2060 tiam“.
560 2001 624 2060 VII.
639 1999 677 2059 id.
693 1998 775 2060 Febr.
795 2001 856 2060 100
872 2022 901 2077 p.
919 2003 959 2060 30
976 2002 1011 2060 Il.
1474 2007 1538 2062 333

308 2146 325 2177 ,,
396 2105 422 2164 7.
514 2149 531 2178 ,,
620 2107 858 2183 Archiepiscopis,
874 2108 1014 2183 episcopis
1029 2108 1083 2166 etc.
1097 2087 1151 2183 per
1166 2108 1328 2168 Sardiniam
1343 2110 1375 2167 et
1390 2108 1538 2168 Corsicam.

446 2195 687 2273 Archiepiscopus
702 2195 875 2255 Tum'tanus
890 2199 1021 2256 mittitur
1036 2197 1161 2274 legatus.
1179 2231 1224 2239 —
1239 2198 1330 2271 „Cum
1339 2197 1539 2257 venerabilis“.

447 2284 511 2345 VH.
526 2285 566 2345 id.
581 2285 664 2344 Febr.
679 2305 708 2362 p.
726 2287 766 2345 30
783 2287 818 2346 D.
1367 2373 1371 2382 Ι
1476 2289 1546 2353 340,

309 2432 327 2464 ,,
375 2390 424 2449 11.
514 2434 532 2464 ,,
621 2392 843 2468 Archiepiscopo
865 2392 1015 2452 Januensi.
1040 2395 1080 2451 Ut
1093 2391 1200 2451 debltis
1223 2393 1347 2470 receptis
1363 2392 1540 2467 juramentis

446 2481 595 2540 civitatem
621 2481 800 2540 Januensem
823 2481 954 2541 absolvat
976 2481 1013 2540 ab
1037 2481 1200 2554 interdicto,
1232 2501 1291 2558 quo
1322 2481 1419 2540 fuerat
1449 2481 1541 2558 ligata

446 2572 567 2646 propter
582 2570 716 2642 savorem,
740 2571 895 2647 Paleologo
911 2571 1090 2630 schismatico
1105 2571 1284 2643 exhibitum,
1310 2589 1379 2629 cum
1392 2571 1450 2646 ipsi
1465 2571 1541 2628 cives

446 2660 607 2719 Januenses
629 2661 726 2737 galeas
750 2678 816 2720 suas
839 2660 1046 2721 revocaverint.
1070 2693 1115 2702 -
1137 2660 1301 2733 „Dudum“.
1332 2660 1386 2720 111.
1401 2658 1441 2719 id.
1456 2658 1540 2718 Febr.

447 2749 488 2808 42
505 2769 534 2824 p.
551 2750 590 2807 91
609 2750 661 2834 D,
1475 2754 1540 2808 341

308 2898 326 2929 ,,
375 2855 424 2916 15.
514 2899 531 2929 ,,
621 2855 668 2915 Ad
682 2855 814 2916 futtrram
822 2857 866 2914 rei
874 2855 1051 2916 memoriam.
1069 2857 1175 2914 Contra
1184 2855 1356 2914 Riccardum
1371 2855 1452 2914 Petri
1467 2855 1540 2912 Ani-

448 2945 535 3017 baldi,
546 2945 617 3005 ciuis
626 2945 756 3016 Romani,
767 2945 914 3005 civitatem
924 2944 1085 3004 Ostiensem
1094 2943 1449 3021 occupantem—,cum
1459 2948 1541 3004 ven“

447 3035 505 3095 XV.
521 3033 579 3093 kal
595 3036 680 3094 Mart.
712 3035 753 3094 40
770 3054 798 3110 p.
816 3036 857 3094 90
874 3036 926 3119 D1·
1473 3038 1538 3093 342

303 3139 332 3213 (,,
382 3141 443 3218 15.)
505 3141 548 3218 („)
623 3141 747 3201 Consilio
778 3142 808 3200 et
837 3141 985 3200 communi
1014 3141 1243 3201 Tiburtinorum.
1282 3142 1325 3199 De
1355 3137 1464 3198 eodem.
1497 3139 1536 3197 41

445 3249 475 3306 p.
492 3232 533 3289 90
549 3231 602 3316 D1.
618 3232 765 3306 Scriptum
780 3230 816 3288 de
831 3249 865 3289 ec
880 3231 936 3306 ipsi
951 3230 1086 3289 Riccardo
1102 3232 1132 3289 et
1146 3231 1220 3290 31113.
1473 3233 1538 3288 343

309 3379 327 3409 „
375 3337 424 3398 18.
514 3380 530 3409 „
620 3337 843 3412 Archiepi-scopo
866 3337 1075 3397 Cantuariensi.
1106 3339 1145 3396 Ut
1167 3337 1201 3395 in
1223 3354 1315 3414 regno
1338 3314 1457 3394 Francia
1480 3335 1540 3395 exi·

447 3429 512 3485 tens
527 3429 619 3504 possit
633 3425 786 3501 procedere
805 3428 905 3486 contra
920 3445 975 3497 333,
992 3428 1044 3502 qui
1059 3427 1091 3485 in
1106 3427 1225 3486 ecclesia
1239 3424 1477 3484 Cantuariensiin
1488 3424 1540 3483 be-

446 3517 549 3575 neficia
564 3517 754 3575 ecclesiastica
770 3517 992 3592 perpotentiam
1001 3516 1132 3575 laicalem
1141 3516 1189 3575 vel
1198 3516 1254 3574 alio
1265 3514 1351 3573 modo
1360 3513 1461 3572 illicite
1473 3515 1543 3573 sunt

446 3606 577 3666 instruat.
593 3639 637 3648 -
652 3606 835 3677 „Nolcntes“.
867 3604 930 3666 XII.
946 3605 1003 3665 kal.
1019 3605 1103 3665 Mart.
1135 3606 1209 3664 229.
1224 3624 1254 3680 p.
1273 3603 1334 3662 120
1352 3604 1380 3662 C.
1475 3609 1542 3662 344

302 3711 331 3785 (a
381 3713 443 3790 18.)
504 3712 548 3790 (,,)
623 3712 758 3771 Michaeli
782 3712 817 3770 de
841 3712 961 3789 Fyenes.
1000 3712 1108 3782 Irritat,
1133 3710 1273 3787 quicquid
1297 3711 1329 3769 13
1352 3708 1461 3786 Anglia
1483 3709 1543 3767 fuit

448 3803 625 3860 attentatum
641 3803 741 3860 contra
755 3801 974 3860 ecclesiasticam
988 3801 1163 3860 libertatem.
1181 3801 1289 3875 2303.
1308 3798 1369 3858 120
1386 3798 1414 3856 0.
1476 3803 1541 3859 345

312 3951 329 3980 ,,
379 3908 427 3967 18.
518 3951 534 3980 „
624 3909 794 3967 Thammoni
816 3907 915 3967 abbati
936 3909 1105 3968 monasterii
1120 3907 1308 3985 Pigaviensis.
1339 3903 1494 3963 Preficitur
1509 3907 1541 3962 in

447 3997 590 4070 abbatem,
606 3997 642 4056 ab
657 3998 720 4072 ipso
735 4016 810 4073 papa
824 3997 1032 4056 benedictionis
1043 4013 1156 4056 munus
1171 3997 1350 4055 consecutus
1361 4025 1406 4036 -
1421 3993 1542 4065 „Immi-

446 4089 561 4146 nente“.
592 4087 657 4146 XII.
673 4087 730 4145 kal.
748 4087 832 4145 Mart.
854 4086 914 4145 110
932 4106 961 4162 p.
979 4087 1019 4144 32
1035 4087 1070 4144 D.
1475 4087 1542 4142 343

311 4236 328 4265 ,,
376 4194 426 4253 20.
516 4238 533 4266 ,,
578 4211 580 4216 ’
623 4194 765 4270 Episcopo
781 4193 943 4252 Parieienai.
961 4193 1043 4263 Quod
1058 4191 1360 4262 excommunicatione,
1376 4189 1428 4264 qui
1444 4188 1543 4247 edide-

446 4286 520 4342 rtmt
541 4285 653 4343 statuta
672 4285 772 4342 contra
793 4283 942 4342 ecclesiam
957 4283 1205 4351 Cantumiensem,
1222 4279 1357 4339 videlicet
1371 4277 1458 4354 quod,
1474 4279 1542 4353 qui-

448 4390 564 4449 cunque
586 4373 685 4432 Iiteras
700 4371 871 4447 apostolicas
885 4372 939 4429 aut
962 4370 1055 4445 ipsius
1071 4369 1277 4446 archiepiscopi
1290 4369 1323 4427 in
1337 4366 1476 4444 Angliam
1492 4366 1543 4425 de-

447 4461 523 4521 ferre
537 4463 728 4538 presumeret,
745 4461 875 4539 graviter
889 4461 1054 4535 puniretur.
1064 4495 1110 4503 —
1119 4459 1182 4531 „Ad
1197 4458 1332 4517 tuenda“.
1348 4455 1543 4516 1113111331
