3404 5280
189 667 296 763 Q

633 502 1005 552 sanconrusx.1ara
1406 495 1446 554 59

259 825 299 838 -
414 825 457 838 -
524 794 624 853 Nobili
639 794 757 852 mulieri
772 794 856 852 uxori
871 793 978 852 nobilis
997 794 1054 852 viri
1068 791 1230 868 Baldevyni
1245 791 1281 849 de
1296 790 1444 850 Acesines.

255 897 257 901 ·
348 883 430 952 Quod
452 883 606 960 scripserat
629 882 803 960 gratulando
827 883 863 940 de
885 883 1066 958 promotione
1088 899 1171 957 pape.
1195 912 1240 923 -
1255 880 1446 950 „Deuotionis

349 974 427 1031 tue‘t
451 973 606 1032 Ibidem.
1382 973 1445 1028 ⁷89

257 1129 300 1140 -
363 1103 364 1108 ’
414 1131 455 1140 -
523 1098 665 1172 Episcopo
689 1096 868 1154 Cumancnsi.
903 1096 1023 1166 Scribit,
1050 1113 1079 1154 se
1104 1095 1261 1153 destinasse
1287 1094 1342 1152 sub
1367 1095 1445 1154 certa

347 1187 439 1246 forma
451 1187 659 1245 exhortatorias
675 1187 787 1244 litteras
797 1204 850 1260 pro
860 1185 1007 1243 communi
1016 1185 1107 1243 totius
1116 1183 1264 1259 provincie
1273 1183 1445 1242 lombardie

346 1276 484 1348 utilitate,
500 1277 657 1351 petentem,
673 1277 709 1334 ut
717 1275 879 1350 periculoso
889 1275 979 1333 statui
989 1275 1115 1334 civitatis
1127 1273 1304 1345 Placentina
1315 1273 1350 1343 de
1360 1273 1446 1347 cujus

347 1366 544 1426 verisimiliter
559 1364 746 1424 subversione
761 1365 909 1437 timeatur,
925 1363 1053 1422 remedio
1063 1363 1149 1421 celeri
1158 1363 1336 1421 occurratur.
1359 1363 1442 1420 Man·

347 1455 405 1527 dat,
421 1456 457 1513 ut
473 1455 649 1530 interponat,
665 1456 708 1524 ut,
726 1453 804 1528 quod
820 1471 873 1528 pro
890 1453 1037 1512 communi
1052 1453 1184 1512 omnium
1199 1453 1360 1510 incolarum
1376 1469 1444 1526 pro-

349 1543 442 1603 vincie
458 1543 607 1602 commodo
624 1545 714 1619 petat,
731 1542 885 1600 efficaciter
899 1543 1064 1617 impleatur.
1089 1541 1212 1616 Operam
1228 1541 1278 1598 det
1293 1540 1328 1598 ad
1344 1559 1445 1616 pacem

346 1632 442 1690 Brixie
458 1632 678 1692 reformandam.
695 1666 739 1674 —
757 1631 988 1705 „Dilectisfi1iis“.
1013 1631 1043 1716 (l²
1059 1632 1099 1689 49
1117 1630 1164 1688 fol.
1183 1623 1248 1688 93¹1.
1375 1634 1441 1690 740

412 1789 457 1799 -
523 1757 664 1832 Episcopo
681 1758 816 1816 Cumano.
840 1757 897 1814 Per
912 1756 1160 1832 archiepiscopum
1168 1755 1335 1830 Aquensem
1351 1755 1444 1829 apost.

346 1845 421 1904 sedis
443 1846 576 1923 legatum
598 1847 720 1916 audivit,
743 1846 912 1921 episcopum
928 1847 1103 1916 Cumanum,
1120 1845 1213 1902 eidem
1229 1843 1442 1919 archiepiscopo

346 1953 436 2009 super
456 1934 531 1994 facto
546 1935 644 1994 Brixia
670 1935 792 1994 discrete
813 1935 1046 2010 respondentem,
1063 1952 1216 1993 commune
1231 1932 1444 1992 Mediolanense

346 2042 379 2082 ac
393 2025 472 2083 viros
486 2024 598 2083 nobiles
613 2024 718 2083 fratres
734 2042 817 2098 auce,
842 2026 878 2082 ut
898 2024 930 2082 in
945 2024 999 2082 hoc
1013 2024 1106 2099 ipsius
1121 2024 1213 2100 legati
1228 2022 1375 2082 voluntati
1390 2041 1443 2098 pa·

344 2115 451 2185 rerent,
467 2113 621 2172 efficaciter
629 2113 784 2172 induxisse.
801 2113 928 2184 Mandat,
945 2114 1085 2188 quatinus
1101 2131 1219 2189 operam
1229 2111 1286 2182 det,
1303 2113 1339 2170 ut
1348 2103 1443 2170 status

343 2203 492 2278 provincie
512 2203 683 2262 Lombardie
704 2202 757 2261 fiat
779 2201 922 2278 pacificus.
947 2237 991 2244 —
1013 2202 1114 2274 „Sicut
1135 2202 1317 2262 intimante“.
1343 2201 1372 2259 O.
1401 2201 1441 2280 49

346 2291 395 2352 fol.
413 2286 479 2350 93¹³.
1377 2294 1441 2351 741

409 2451 453 2459 -
520 2417 744 2496 Archiepiscopo
768 2417 900 2492 Aquensi
922 2418 1013 2492 apost.
1036 2416 1111 2475 sedis
1132 2417 1239 2494 legato.
1268 2416 1311 2476 Ex
1335 2415 1443 2476 litteris

346 2507 504 2576 intellexit,
527 2507 695 2583 episcopum
712 2507 874 2565 Cumanum
897 2525 987 2582 super
1008 2505 1083 2564 facto
1098 2506 1195 2564 Brixia
1210 2491 1441 2564 001070000Μο-

344 2595 510 2654 diolanense
518 2596 674 2668 induxisse,
690 2598 726 2654 ut
735 2615 824 2672 super
837 2595 938 2654 eodem
946 2596 1065 2674 negotio
1082 2595 1288 2672 archiepiscopi
1297 2594 1443 2670 Aquensis

344 2685 490 2744 voluntati
513 2687 734 2760 acquiescerent.
759 2686 872 2755 Monet,
897 2686 1038 2759 quatinus
1060 2684 1097 2742 ad
1118 2683 1337 2743 reformandum
1352 2682 1442 2742 solide

345 2777 455 2833 statum
477 2775 603 2834 civitatis
625 2793 679 2850 per
700 2774 814 2834 firmam
837 2774 1018 2832 concordiam
1039 2774 1117 2832 inter
1132 2792 1285 2832 commune
1300 2773 1441 2832 Mediola-

344 2883 433 2923 nense
449 2882 481 2923 ac
496 2864 608 2923 nobiles
623 2866 654 2923 et
669 2865 745 2924 cives
760 2864 935 2923 extrinsecos
950 2863 1077 2922 civitatis
1092 2863 1224 2938 ejusdem
1239 2882 1273 2922 ex
1289 2864 1373 2938 parte
1382 2880 1442 2920 una

344 2955 374 3012 et
395 2971 549 3012 commune
571 2954 696 3014 ciuitatis
718 2953 811 3028 ipsius
833 2973 867 3012 ex
882 2955 974 3011 altera
989 2953 1076 3023 omni,
1094 2972 1152 3028 qua
1167 2953 1271 3028 possit,
1289 2951 1442 3030 diligentia

344 3044 374 3101 et
396 3043 556 3102 attentione
580 3043 701 3102 laboret.
725 3076 768 3086 -
792 3043 970 3115 „Intellecto
995 3060 1048 3118 per
1071 3044 1138 3102 tuas
1162 3042 1275 3100 litteras
1285 3047 1311 3102 “.
1344 3043 1372 3100 C.
1398 3040 1439 3098 49

343 3132 392 3192 fol.
409 3133 460 3191 94.
1377 3135 1443 3194 ⁷42

407 3291 451 3299 —
517 3257 659 3333 Episcopo
668 3257 881 3316 Herefordensi.
906 3259 946 3316 Ut
960 3258 1098 3316 restituat
1113 3257 1288 3335 magistrum
1298 3256 1441 3315 Jacobum

343 3347 527 3422 capellanum
542 3347 776 3405 archidiaconum
791 3346 947 3422 Solphirie,
964 3347 996 3405 in
1012 3347 1130 3406 ecclesia
1144 3345 1363 3416 Herefordcnsi,
1387 3363 1440 3405 nc·

343 3438 443 3512 potem
458 3435 533 3493 bone
542 3437 681 3494 memorie
690 3435 909 3495 Herefordensis
919 3437 1046 3512 episcopi
1056 3435 1272 3512 predecessoris,
1289 3453 1356 3493 cum
1371 3454 1440 3496 eum

344 3525 579 3583 archidiaconatu
594 3525 738 3601 Solphirie
761 3527 791 3583 et
805 3525 952 3601 prebenda
968 3525 1003 3584 de
1019 3570 1026 3582 .
1044 3572 1051 3584 .
1067 3543 1099 3583 ac
1114 3525 1271 3584 nonnullos
1286 3523 1323 3582 ab
1339 3524 1440 3586 eodem
1459 3590 1461 3594 ,

342 3614 541 3690 predecessore
564 3614 748 3673 beneficiatos
769 3615 801 3673 in
817 3613 1022 3672 Herefordensi
1045 3614 1150 3673 diocesi
1166 3614 1275 3688 absque
1291 3631 1377 3674 causa
1391 3631 1439 3674 ru·
1458 3677 1461 3680 ,

344 3703 479 3770 tonabili
494 3705 595 3762 contra
608 3703 651 3762 fas
666 3722 720 3780 pro
735 3704 896 3762 voluntatis
918 3703 1003 3764 libito
1024 3705 1085 3764 suis
1099 3703 1247 3764 beneficiis
1262 3704 1438 3779 spoliaverit.
1528 3738 1531 3745 ·

343 3827 387 3836 ,.
402 3793 507 3865 „Illam
520 3793 605 3852 nobis
621 3793 655 3852 de
670 3796 751 3852 tua“.
775 3793 804 3852 O.
822 3794 862 3851 49
880 3793 934 3852 fol.
947 3793 998 3852 94.
1373 3798 1438 3876 ⁷4³

405 3951 449 3960 -
517 3917 665 3994 Magistris
673 3918 845 3994 Reymundo
856 3917 891 3976 de
901 3918 1037 3996 Nogeriis
1046 3919 1193 3994 capellano
1204 3921 1303 3977 nostro
1313 3921 1343 3976 et
1351 3919 1464 4003 Petro·

343 4007 378 4064 de
393 4007 519 4078 Ausona,
536 4008 653 4065 ecclesie
667 4008 695 4066 b.
706 4007 825 4066 Martini
840 4007 1015 4066 limenensis
1030 4010 1173 4067 canonico,
1198 4007 1280 4076 Quod
1295 4009 1392 4084 legata
1407 4010 1438 4070 et

342 4096 399 4154 alia
421 4096 561 4174 deputata
583 4099 661 4154 terre
685 4098 782 4155 sancte
807 4096 935 4155 subsidio
958 4097 1102 4155 destinata
1124 4099 1155 4155 in
1169 4097 1269 4172 regnis
1284 4097 1392 4174 Anglie
1408 4100 1439 4161 et

343 4185 436 4244 Scotie
451 4203 484 4242 ac
497 4186 530 4243 in
545 4185 672 4244 Ybernia
687 4187 845 4262 exigantur
860 4205 913 4261 per
927 4186 1006 4244 istos.
1017 4219 1061 4228 -
1070 4186 1124 4257 „In
1139 4185 1289 4244 desideriis
1303 4187 1436 4246 nostris“.

330 4274 371 4357 [O.
388 4275 429 4332 49
447 4272 496 4334 fol.
514 4275 565 4332 94.
1372 4282 1438 4339 744

404 4447 450 4458 -
517 4417 658 4493 Magistro
681 4417 857 4494 Raymundo
882 4417 917 4476 de
942 4417 1079 4493 Nogeriis
1104 4416 1252 4492 capellano
1276 4420 1306 4476 09
1329 4419 1439 4480 nuncio

340 4507 441 4568 nostro
456 4506 487 4567 in
502 4506 620 4584 Anglie.
644 4509 683 4566 Ut
698 4508 761 4565 octo
778 4506 859 4576 milia
873 4524 1037 4578 marcarum
1053 4507 1272 4597 sterlingorum,
1287 4525 1345 4597 que
1360 4508 1437 4581 clare
