3464 5280
316 526 379 588 134

314 686 366 751 161
383 685 535 770 impediri
559 687 692 770 possent
716 686 920 770 aliquatenus
943 685 995 751 161
1015 685 1178 764 deberent,
1202 685 1281 750 adeo
1302 685 1387 771 quod
1402 685 1438 750 in
1455 707 1569 770 supra·

315 775 407 840 dictis
432 776 483 839 vel
505 775 721 858 infrascriptis
753 777 805 839 161
833 777 979 860 ipsorum
1009 776 1116 860 aliquo
1146 797 1206 839 166
1229 778 1339 840 nostra
1362 797 1423 840 nec
1445 796 1568 839 succes-

314 886 422 929 sorum
444 866 627 928 nostrorum
649 865 881 947 imperatorum
901 887 957 928 seu
973 887 1088 950 regum
1104 864 1243 929 secunda
1254 864 1357 947 jussio
1374 866 1568 948 expectetur,

314 952 428 1017 sedin
451 952 632 1017 continenti
655 953 733 1017 fides
758 953 957 1031 adhibeatur,
981 956 1014 1018 et
1033 953 1214 1018 executioni
1236 954 1433 1018 mandentur
1455 955 1570 1017 cuncta

313 1064 391 1108 cum·
410 1043 523 1106 effectu
547 1042 617 1106 sine
641 1043 785 1126 quolibet
808 1043 971 1107 obstaculo
1004 1046 1036 1107 et
1068 1043 1317 1107 irrevocabiliter
1345 1042 1568 1127 plenissimam

313 1131 457 1196 habeant
478 1131 601 1196 roboris
624 1131 820 1195 firmitatem.
852 1132 901 1195 Ad
931 1132 989 1196 hec
1019 1155 1056 1195 ex
1088 1132 1227 1196 uberiori
1257 1133 1363 1217 gratia
1393 1131 1568 1198 adicientes

272 1235 276 1246 ·
313 1220 541 1285 nichilominus
565 1219 748 1304 supradicto
773 1221 1012 1305 archiepiscopo
1036 1225 1069 1285 61
1085 1221 1213 1287 ecclesie
1230 1243 1295 1298 suc,
1319 1242 1461 1286 necnon
1477 1221 1569 1299 clerc,

313 1309 435 1374 civibus
452 1312 485 1372 61
500 1309 734 1374 habitatoribus
750 1310 908 1374 dictorum
929 1312 1069 1375 locorum
1092 1311 1201 1375 16111
1225 1311 1271 1374 eis
1294 1311 1345 1375 vel
1369 1332 1479 1374 corum
1501 1312 1569 1373 ter·

312 1399 433 1462 ritoriis
457 1398 565 1482 aliqua
588 1399 673 1462 bona
697 1421 730 1462 sc
754 1400 925 1476 moventia,
950 1400 1080 1464 mobilia
1103 1399 1154 1463 161
1176 1399 1367 1477 immobilia,
1391 1399 1570 1483 corporalia

313 1488 365 1552 161
388 1487 602 1569 incorporalia
625 1488 898 1572 qualitercumque
919 1488 1176 1572 possidentibus,
1206 1511 1263 1552 seu
1294 1489 1387 1573 quasi
1409 1488 1570 1553 universis

315 1579 348 1640 61
371 1576 509 1662 singulis
533 1579 566 1640 et
589 1578 821 1642 successoribus
841 1600 950 1642 eorum
967 1581 1000 1641 et
1015 1578 1153 1662 posteris
1169 1579 1317 1642 omnibus
1333 1578 1570 1643 universalibus

316 1668 349 1729 et
371 1665 606 1750 singularibus,
639 1667 796 1743 realibus,
829 1668 1052 1750 personalibus
1076 1667 1128 1731 vel
1159 1667 1285 1744 mixtis,
1319 1666 1402 1730 hanc
1434 1666 1570 1730 facimus

314 1754 455 1839 gratiam
478 1755 649 1838 specialem
673 1758 706 1819 61
728 1756 929 1820 concedimus
959 1757 1141 1821 libertatem
1172 1778 1208 1819 ac
1237 1758 1429 1841 perpetuam
1451 1755 1570 1820 immu-

314 1843 452 1907 nitatem
483 1844 611 1922 damus,
643 1846 680 1908 ut
711 1845 751 1908 ab
782 1845 930 1909 omnibus
961 1845 1147 1910 muneribus
1179 1846 1212 1908 et
1240 1845 1392 1909 oneribus
1423 1845 1570 1929 publicis,

314 1932 534 1997 communibus
559 1955 614 1997 seu
638 1933 773 2018 privatis
796 1934 943 2011 realibus,
968 1934 1191 2018 personalibus
1220 1936 1276 1997 aut
1302 1933 1411 1998 mixtis
1435 1936 1468 1998 et
1498 1933 1570 1998 aliis

260 2099 262 2106 y
313 2022 420 2099 talliis,
445 2021 568 2105 quistis,
593 2021 763 2106 adempris,
787 2024 1006 2087 exactionibus
1036 2025 1068 2087 et
1098 2023 1237 2086 collectis
1267 2023 1460 2107 patriarum,
1491 2023 1570 2086 6111-

246 2141 248 2146 *
314 2113 418 2174 tatum
442 2132 499 2175 seu
523 2112 760 2195 provinciarum
776 2112 843 2176 sive
859 2113 1038 2176 consistant
1053 2112 1089 2176 in
1105 2112 1258 2196 angariis,
1282 2111 1486 2197 perangariis
1502 2111 1570 2176 sive

314 2199 594 2285 patrimonialibus
617 2201 669 2265 101
693 2201 764 2265 aliis
788 2201 1039 2286 quibuscumque
1056 2204 1144 2265 etex
1160 2222 1359 2285 quacumque
1380 2222 1484 2277 causa,
1507 2222 1570 2285 que

315 2288 385 2352 fieri
414 2309 471 2352 seu
501 2289 589 2374 exigi
617 2292 852 2354 consueverunt
881 2291 933 2354 vel
962 2291 1031 2354 fieri
1061 2312 1118 2354 seu
1151 2290 1239 2374 exigi
1261 2290 1489 2374 contingerent
1511 2310 1571 2374 per

316 2399 555 2462 quamcumque·
568 2400 740 2462 personam
757 2401 812 2445 seu
829 2401 984 2464 personas
1000 2379 1144 2463 publicas
1160 2400 1217 2443 seu
1232 2379 1384 2463 privatas,
1403 2378 1569 2456 maximas,

315 2466 437 2531 medias
461 2467 511 2530 vel
534 2467 685 2532 minimas
708 2469 760 2532 161
783 2489 998 2553 quascumque
1022 2468 1102 2532 alias
1125 2471 1236 2534 contra
1251 2467 1479 2532 inhibitionem
1494 2488 1569 2552 pre-

316 2555 393 2619 dicti
416 2555 649 2640 arohiepiscopi
671 2557 723 2621 161
746 2579 960 2622 successorum
984 2579 1113 2622 suorum
1129 2557 1284 2622 faciendis
1300 2557 1352 2621 vel
1366 2555 1569 2639 requirendis

315 2645 367 2709 161
390 2645 623 2728 attemptandis
653 2647 720 2710 sint
743 2646 847 2731 quoad
878 2668 1033 2729 personas
1065 2648 1097 2710 et
1125 2669 1177 2710 res
1208 2650 1241 2710 ct
1270 2646 1355 2709 bona
1386 2645 1503 2723 omnia,
1528 2645 1569 2709 ad

316 2733 533 2817 supradictum
557 2735 831 2819 archiepiscopum
851 2738 884 2799 et
900 2736 1063 2800 ecclesiam
1087 2757 1178 2799 suam
1201 2735 1253 2800 vel
1275 2755 1471 2799 successores
1494 2755 1568 2799 suos

318 2822 591 2907 qualitercumque
608 2845 694 2887 nunc
710 2824 793 2887 etin
809 2826 974 2909 posterum
993 2825 1200 2908 pertinentia,
1216 2824 1251 2888 in
1267 2825 1461 2907 perpetuum
1474 2823 1569 2886 liberi

316 2914 350 2974 et
377 2911 537 2977 immunes
568 2913 699 2995 penitus
731 2915 763 2976 et
793 2914 944 2998 exempti.
998 2915 1070 2997 Ipse
1100 2916 1212 2978 tamen
1245 2912 1504 2995 archiepiscopus
1536 2914 1569 2974 61

316 3021 510 3064 successores
527 3002 577 3065 sui
592 3001 726 3085 possint,
747 3002 828 3067 sicut
848 3024 906 3066 nos
923 3023 1097 3085 possemus,
1114 3001 1298 3086 supradicta
1314 3003 1346 3064 ct
1360 3000 1569 3085 infrascripta

316 3089 425 3154 omnia
448 3092 480 3153 et
503 3090 633 3173 singula
656 3091 760 3154 facere
785 3094 817 3155 et
840 3113 985 3155 exercere
1010 3095 1042 3155 et
1065 3091 1194 3175 exigere
1218 3091 1314 3175 plene
1330 3091 1363 3153 et
1377 3089 1477 3154 libere
1497 3088 1567 3153 sine

315 3178 478 3243 obstaculo
502 3179 652 3263 quolibet,
684 3179 948 3264 quandocumque
979 3182 1011 3244 et
1041 3180 1302 3264 quotiescumque
1333 3178 1379 3242 eis
1409 3177 1569 3242 videbitur

315 3270 492 3352 expectare.
539 3265 747 3332 Concedimus
771 3269 869 3332 etiem
892 3268 996 3333 eidem
1019 3269 1257 3353 archiepiscopo
1282 3270 1314 3332 ct
1336 3265 1567 3332 successoribus

315 3357 390 3435 suis,
415 3356 499 3440 quod
522 3357 650 3441 possint
672 3357 776 3421 facere
800 3360 833 3421 et
855 3358 1050 3422 constituere
1073 3358 1264 3422 tabelliones
1287 3354 1432 3440 publicos
1457 3356 1568 3420 61161-

314 3447 471 3530 lempnes,
495 3467 629 3530 quorum
652 3445 877 3511 instrumentis
901 3469 959 3530 per
979 3450 1083 3511 totum
1097 3447 1270 3530 imperium
1285 3444 1363 3508 fides
1379 3444 1569 3528 plenissima

316 3535 514 3599 adhibeatur.
545 3537 766 3601 Instrumenta
796 3536 894 3600 etiam
917 3558 974 3600 seu
996 3537 1129 3613 litteras,
1153 3535 1241 3599 bulla
1271 3555 1327 3599 seu
1351 3533 1459 3619 sigillo
1483 3534 1567 3618 ejus-

316 3624 389 3688 dem
413 3623 645 3708 archiepiscopi
667 3626 719 3689 161
742 3646 956 3690 successorum
977 3646 1107 3690 suorum
1129 3625 1181 3689 161
1196 3624 1281 3688 curie
1298 3645 1353 3688 sue
1369 3622 1421 3687 vel
1435 3622 1568 3708 capituli

317 3712 367 3776 sui
396 3712 470 3776 sede
501 3715 635 3777 vacante
669 3715 720 3777 vel
750 3714 848 3777 etiam
875 3714 1025 3778 instituta
1047 3714 1083 3778 in
1107 3713 1322 3778 contractibus
1345 3713 1396 3776 161
1419 3711 1568 3797 negotiis,

316 3801 418 3865 dictos
432 3801 707 3885 archiepiscopum
724 3805 757 3865 et
772 3804 936 3868 ecclesiam
959 3805 1010 3869 vel
1033 3823 1228 3878 successores
1251 3823 1325 3866 suos
1347 3801 1568 3885 tangentibus,

316 3891 450 3970 munite,
474 3889 570 3954 fidem
592 3891 815 3974 plenissimam
839 3895 872 3955 61
894 3893 1118 3976 probationem
1148 3891 1270 3955 faciant
1300 3912 1336 3955 ac
1367 3890 1395 3954 si
1424 3890 1569 3954 confecta

317 3983 425 4046 essent
448 4001 506 4064 per
528 3977 667 4044 manum'
685 3981 855 4064 publicam,
883 3983 915 4044 et
937 3981 1022 4045 idem
1045 3980 1259 4066 intelligimus
1282 3979 1321 4044 de
1344 3979 1569 4044 instrumentis

316 4092 372 4134 seu
395 4069 521 4147 litteris,
544 4069 743 4152 temporibus
766 4070 1025 4154 predecessorum
1048 4092 1178 4134 suorum
1207 4069 1360 4134 coniectis
1383 4069 1424 4133 'et
1452 4067 1568 4154 sigillis

317 4158 499 4224 eorumdem
522 4158 665 4236 munitis,
689 4157 862 4224 districtius
885 4158 1078 4236 inhibentes,
1102 4158 1237 4243 nequis
1260 4157 1299 4222 de
1322 4157 1452 4222 civitate
1468 4157 1568 4222 Ebre-

317 4247 456 4312 dunensi
479 4247 529 4312 161
552 4247 665 4312 castris
688 4248 740 4312 vel
762 4247 847 4324 locis,
871 4247 1026 4312 dictorum
1051 4247 1284 4332 archiepiscopi
1305 4249 1338 4311 et
1360 4245 1491 4310 ecclesie
1509 4245 1568 4310 ha-

316 4335 393 4400 bitis
408 4337 460 4400 161
482 4335 648 4414 habendis,
674 4339 782 4402 utatur
806 4337 877 4402 aliis
900 4337 1134 4414 instrumentis,
1158 4337 1242 4420 quod
1259 4336 1286 4400 si
1302 4335 1422 4414 fecerit,
1446 4334 1570 4399 nullam

316 4423 459 4488 habeant
473 4423 669 4490 firmitatem.
701 4425 839 4509 insuper
854 4424 1016 4509 sepedicto
1033 4424 1273 4508 archiepiscopo
1289 4429 1322 4490 et
1337 4423 1569 4490 successoribus

316 4514 382 4579 suis
405 4513 616 4591 concedimus,
640 4514 724 4600 qnod
749 4535 807 4600 per
830 4517 934 4580 totum
957 4536 1095 4600 regnum
1121 4514 1310 4579 Arelatense
1334 4515 1366 4577 et
1382 4514 1569 4580 Viennense
