3464 5280
1356 472 1418 534 135

166 652 226 715 per
249 653 282 696 se
305 631 357 696 vel
380 653 438 716 per
462 630 561 697 alium
585 653 641 697 seu
665 631 743 697 alios
773 631 900 716 possint
924 629 1180 715 jurisdictionem
1203 630 1419 695 voluntariam

165 720 264 784 etiam
286 721 323 785 in
345 720 475 786 modum
499 720 714 806 arrogationis
737 722 788 786 vel
804 721 1049 806 legitimationis
1065 721 1251 806 plenissime
1268 741 1304 783 ac
1318 719 1417 784 libere

165 831 320 874 exercere.
351 810 499 875 Errorem
530 811 628 875 etiam
658 831 714 875 seu
745 809 918 888 defectum,
950 810 978 875 si
1001 811 1072 894 quis
1103 813 1152 874 est
1174 810 1226 874 vel
1255 809 1354 872 fuerit
1382 810 1418 873 in

163 897 379 982 predictorum
403 900 612 984 acquisitione
636 899 688 962 vel
710 899 891 968 retentione
915 900 965 964 vel
988 899 1023 962 in
1047 899 1191 983 presenti
1214 900 1324 962 nostro
1350 899 1417 983 pri-

162 986 282 1072 vilegio
305 989 358 1052 vel
381 988 489 1072 aliqua
510 991 603 1072 parte
627 989 685 1065 sui,
709 1009 765 1052 seu
789 990 887 1052 etiam
910 987 949 1052 de
973 989 1058 1051 facto
1081 988 1132 1052 vel
1156 989 1195 1051 de
1214 987 1288 1071 jure
1312 988 1419 1052 notari

162 1076 215 1140 vel
243 1077 384 1142 inveniri
413 1081 523 1161 posset
552 1078 592 1141 ab
624 1076 730 1160 aliquo
761 1077 843 1141 sicut
871 1078 912 1142 ad
935 1077 1109 1141 utilitatem
1133 1077 1289 1141 dictorum
1313 1076 1417 1144 archi-

162 1165 305 1250 episcopi
328 1170 361 1229 et
385 1167 514 1231 ecclesie
548 1170 580 1230 εὴ
607 1187 823 1232 successorum
847 1189 975 1231 suorum
1000 1166 1040 1229 ab
1064 1167 1171 1251 aliquo
1195 1165 1323 1244 melius,
1346 1166 1416 1249 ple-

162 1254 236 1318 nius
260 1257 293 1318 et
315 1255 426 1320 utilius
449 1255 665 1339 interpretari,
689 1255 871 1338 specificari,
896 1255 1031 1340 exprimi
1055 1258 1111 1318 aut
1133 1253 1289 1318 declarari
1307 1257 1417 1337 posset

160 1341 214 1406 vel
235 1343 387 1429 intelligi,
410 1344 539 1429 proprio
563 1347 651 1408 motu
677 1347 709 1407 et
732 1365 771 1407 ex
794 1350 881 1409 certa
903 1344 1045 1422 scientia,
1069 1344 1107 1407 de
1132 1342 1333 1427 plenitudine
1357 1364 1416 1428 po-

160 1433 289 1497 testatis
311 1434 500 1517 supplemus
533 1435 566 1496 et
596 1434 804 1517 interpretari
828 1436 860 1497 et
888 1434 1032 1518 intelligi
1054 1434 1200 1497 volumus
1225 1435 1258 1497 et
1280 1431 1416 1498 manda·
1475 1433 1480 1437 ’

159 1543 241 1585 mus.
285 1521 359 1586 Non
383 1522 586 1586 obstantibus
610 1522 801 1606 supradictis
824 1524 874 1587 vel
910 1544 1019 1585 eorum
1050 1523 1157 1606 aliquo
1187 1524 1244 1585 aut
1274 1521 1417 1605 quolibet

160 1610 233 1687 alic,
257 1610 341 1694 quod
363 1612 399 1674 in
422 1613 618 1675 contrarium
642 1611 776 1697 allegari
800 1634 856 1675 seu
879 1612 941 1676 dici
964 1615 1073 1696 posset
1088 1611 1139 1675 vel
1156 1611 1254 1674 etiam
1270 1611 1414 1695 cogitari.

158 1698 352 1764 Mandemus
375 1700 477 1785 igitur
499 1701 558 1766 sub
581 1701 846 1765 interminatione
870 1701 975 1787 gratie
1000 1702 1121 1778 nostre,
1146 1700 1288 1764 districte
1311 1699 1415 1783 preci·

158 1789 296 1873 pientes,
319 1792 357 1852 ut
379 1810 491 1854 omnes
516 1793 549 1853 et
571 1790 694 1872 singuli
717 1790 867 1854 universa
891 1793 924 1853 et
947 1790 1077 1875 singula
1101 1789 1283 1872 supradicta
1302 1791 1416 1853 curent

159 1878 230 1942 sine
254 1877 467 1942 diminutione
492 1878 600 1962 aliqua
630 1879 835 1963 integraliter
868 1880 1037 1943 observare
1061 1880 1094 1942 et
1118 1878 1288 1942 efficaciter
1312 1877 1414 1941 adim-

158 1967 248 2051 plere
264 1969 297 2030 et
312 1966 420 2032 nullus
444 1967 495 2045 sit,
519 1968 603 2050 quod
627 1967 770 2051 predicta
793 1970 844 2032 vel
869 1968 996 2052 aliquod
1020 1967 1244 2051 predictorum,
1269 1967 1415 2030 anostra

159 2055 335 2121 serenitate
360 2057 405 2122 eis
428 2059 496 2120 tam
520 2055 695 2120 liberaliter
718 2078 875 2134 concessa,
900 2056 1018 2120 audeat
1039 2056 1219 2140 infringere
1243 2055 1294 2119 vel
1311 2055 1415 2118 cavel

158 2145 303 2230 ipsorum
326 2145 455 2230 aliquod
478 2146 513 2209 in
538 2167 647 2209 eorum
669 2145 825 2210 lesionem
848 2146 899 2210 vel
923 2147 1083 2230 jacturam
1115 2167 1171 2209 seu
1201 2143 1414 2229 prejudicium

157 2237 352 2318 retorquere,
376 2235 404 2299 si
427 2235 525 2298 vellet
548 2234 659 2298 eodem
677 2235 750 2319 jure
774 2235 823 2298 uti
846 2235 943 2299 etiam
967 2236 1078 2298 contra
1109 2234 1197 2317 ipsos
1227 2234 1279 2298 vel
1309 2233 1414 2297 eisin

157 2327 251 2407 parte
275 2323 326 2387 vel
349 2324 385 2387 in
407 2325 476 2390 toto
501 2323 633 2388 alterius
656 2323 783 2409 ingenii
798 2325 850 2388 vel
866 2323 1079 2388 cavillationis
1103 2322 1251 2407 scrupulo
1267 2322 1319 2386 vel
1331 2322 1413 2405 juris

158 2434 215 2476 seu
245 2412 324 2477 facti
355 2411 451 2476 dubio
482 2412 641 2476 contraire
671 2413 723 2477 vel
745 2412 780 2476 in
803 2413 909 2490 bonis,
941 2411 1197 2497 possessionibus
1230 2413 1287 2474 aut
1317 2411 1413 2475 rebus

157 2501 341 2565 eorumdem
365 2500 541 2585 dampnum
565 2500 694 2585 aliquod
716 2502 767 2566 vel
790 2502 943 2586 injuriam
967 2502 1119 2587 irrogare.
1167 2499 1257 2580 Quod
1283 2501 1338 2584 qui
1360 2500 1411 2563 fa·

156 2612 226 2655 cere
250 2591 491 2675 presumpserit
516 2612 648 2675 gravem
669 2591 824 2654 offensam
841 2594 949 2655 nostre
965 2590 1164 2655 celsitudinis
1182 2592 1214 2653 ct
1229 2588 1410 2673 majestatis

154 2679 416 2764 indignationem
440 2701 474 2744 se
497 2681 624 2744 noverit
646 2680 857 2744 incursurum.
902 2682 1039 2764 Insuper
1063 2679 1161 2743 etiam
1184 2700 1242 2762 pro
1265 2679 1332 2742 solo
1355 2699 1407 2741 co-

155 2771 236 2832 natu
260 2769 296 2831 in
318 2771 426 2832 reatus
458 2769 508 2832 sui
540 2791 658 2852 penam
688 2771 817 2833 centum
840 2769 938 2833 libras
963 2769 1033 2833 auri
1056 2769 1174 2845 solvat,
1202 2767 1407 2832 medietatem

154 2878 279 2922 camere
303 2858 421 2934 nostre,
444 2857 584 2940 reliquas
607 2858 759 2941 injuriam
783 2859 894 2942 passis,
918 2861 1014 2942 prout
1029 2860 1079 2923 est
1093 2857 1249 2921 hactenus
1272 2856 1407 2940 imperio
1455 2897 1460 2906 ·

154 2948 352 3011 consuetum.
385 2945 434 3009 Ad
449 2945 564 3010 harum
581 2948 688 3010 autem
704 2948 891 3031 gratiarum,
915 2947 1134 3025 donationum,
1158 2947 1407 3023 concessionum,

153 3034 433 3100 confirmationum
457 3036 490 3097 et
512 3036 697 3100 libertatum
728 3039 910 3101 nostrarum
941 3036 1122 3100 evidentem
1153 3035 1341 3099 memoriam
1370 3056 1407 3098 ac

153 3125 251 3189 robur
273 3123 496 3207 inposterum
519 3125 692 3188 valiturum
722 3125 782 3188 hoc
810 3147 943 3209 presens
967 3125 1172 3209 privilegium
1195 3123 1351 3188 conscribi
1374 3125 1407 3186 et

153 3213 262 3299 sigillo
285 3215 394 3277 nostre
418 3213 617 3278 celsitudinis
636 3215 792 3298 jussirmrs
820 3214 1019 3279 communiri.
1065 3215 1185 3278 Datum
1210 3210 1340 3277 Colonia
1370 3212 1406 3276 in

153 3302 248 3366 domo
272 3352 278 3366 .
303 3352 309 3365 .
334 3352 341 3366 .
364 3302 520 3385 prepositi
544 3303 672 3367 ecclesie
696 3304 801 3368 sancti
817 3303 948 3388 Georgii
971 3325 1029 3388 per
1051 3325 1184 3367 manum
1200 3302 1330 3366 Henrici
1348 3323 1404 3365 ve-

152 3390 307 3455 nerabilis
331 3390 424 3454 electi
446 3389 618 3475 Spirensis,
642 3393 724 3456 sacri
745 3393 873 3476 imperii
900 3392 1082 3456 cancellarii
1113 3413 1199 3456 anno
1229 3391 1270 3455 ab
1299 3391 1405 3453 incar-

151 3480 285 3545 natione
309 3479 431 3543 domini
452 3479 509 3544 Mo.
532 3477 604 3544 000·
618 3480 683 3544 Ll0·
704 3480 879 3546 indictione
895 3481 1013 3548 vulla.
1027 3481 1144 3548 XVIII.
1168 3480 1231 3543 kal.
1257 3478 1405 3544 Januarii

153 3591 240 3634 anno
263 3569 358 3654 regni
381 3569 484 3632 nostri
508 3573 630 3653 quarto.
675 3570 798 3648 Testes,
823 3570 879 3654 qui
901 3570 1128 3648 interfuerunt,
1153 3572 1230 3633 sunt
1252 3568 1307 3633 hii.
1346 3568 1404 3632 Ja-

151 3659 248 3722 cobus
280 3657 408 3722 ecclesie
439 3657 663 3724 Laudunensis
695 3659 950 3737 archidiaconus,
988 3658 1191 3722 Eberhardus
1221 3655 1404 3742 prepositus

152 3746 331 3823 Fuldensis,
355 3747 500 3810 notarius
524 3750 642 3825 noster,
666 3748 802 3812 Emetho
826 3748 864 3811 de
880 3747 1053 3833 biningen,
1079 3747 1155 3812 Otto
1179 3747 1217 3810 de
1241 3747 1403 3824 Nassowe,

153 3834 300 3911 blanche,
324 3833 489 3913 Silvester,
514 3835 670 3901 Henricus
701 3837 740 3900 de
765 3837 953 3902 Willenowe
977 3837 1123 3915 comites,
1149 3834 1340 3900 Godefridus
1356 3834 1403 3901 ,de

151 3923 370 4008 Eppenstein,
400 3925 575 3989 Wernerus
606 3925 644 3989 de
668 3926 827 3990 Bolandia
858 3930 891 3990 et
921 3927 1127 4010 quamplures
1159 3925 1214 3988 alii
1242 3924 1348 3987 clerici
1371 3926 1405 3987 et

149 4013 232 4078 laici.
278 4013 320 4077 Et
343 4033 404 4098 ego
427 4012 584 4078 Henricus
609 4015 727 4078 electus
751 4012 910 4099 Spirensis
938 4016 1020 4080 sacri
1042 4015 1171 4099 imperii
1193 4011 1403 4076 cancellarius

149 4102 218 4166 vice
242 4100 365 4165 domini
385 4099 520 4165 Gerardi
543 4103 636 4166 electi
650 4103 845 4189 Moguntini,
869 4105 950 4168 sacri
972 4104 1099 4188 imperii
1122 4125 1180 4187 per
1197 4099 1404 4165 Germaniam

146 4188 431 4269 archicancellarii,
447 4192 619 4276 recognovi
635 4195 669 4256 et
683 4214 741 4277 per
760 4215 892 4256 manum
910 4193 1057 4258 Werneri
1071 4191 1234 4275 scriptoris
1257 4191 1404 4256 canonici

150 4279 392 4344 Wetslariensis
403 4279 541 4358 ecclesie,
551 4280 754 4345 Treverensis
764 4281 905 4360 diocesis,
917 4282 972 4366 qui
981 4281 1041 4346 hoc
1050 4281 1256 4367 privilegium
1267 4273 1403 4364 scripsit,

150 4367 234 4432 hanc
244 4361 512 4452 subscriptionem
522 4369 589 4433 vice
600 4391 672 4434 mea
683 4371 803 4455 apponi
813 4371 882 4436 feci.
906 4370 996 4436 Nulli
1006 4389 1084 4456 ergo
1094 4371 1226 4433 omnino
1236 4369 1403 4434 hominum

150 4457 252 4535 liceat,
270 4457 520 4543 hancpaginam
530 4462 640 4523 nostre
650 4459 905 4528 confirmationis
914 4459 1094 4546 infringere
1105 4460 1156 4524 vel
1167 4458 1196 4522 ei
1207 4481 1286 4524 ausu
1300 4461 1401 4528 teme-
