3438 5276
1356 507 1444 597 ,ιιι

181 684 332 748 gressum
354 663 447 728 Italic
471 661 619 732 duximus
643 661 816 744 districtius
838 662 1060 741 inhibendum,
1083 661 1209 746 publice
1224 661 1435 748 predicantes,

182 751 275 836 quod,
305 751 333 817 si
362 751 402 816 ad
432 753 577 816 nostram
606 751 806 836 presentiam
834 751 921 817 infra
942 751 1121 836 predictum
1142 751 1317 816 terminum
1340 751 1438 818 vellet

182 840 301 918 venire,
324 841 454 926 pacifice
477 840 639 906 mandatis
663 840 843 925 apostolicis
865 840 1030 930 pariturus
1057 862 1118 906 nos
1133 839 1181 905 ita
1197 840 1436 926 provideremus

181 929 327 1014 negotio,
351 929 522 995 dummodo
544 951 604 994 nos
628 934 811 1017 opportuno
834 929 1083 1016 precertificaret
1105 931 1267 1016 tempore,
1297 950 1360 1014 quo
1383 951 1436 996 se·

179 1019 286 1085 curius
318 1017 380 1084 sibi
411 1023 446 1083 et
476 1019 595 1084 nostris
628 1041 665 1084 ac
696 1018 826 1084 ecclesie
858 1017 1006 1084 fidelibus
1028 1040 1095 1084 nen
1119 1020 1285 1104 suspectus
1308 1020 1437 1103 pateret

181 1128 333 1172 accessus.
355 1107 397 1174 Et
426 1108 455 1174 si
483 1109 578 1173 aliter
606 1110 718 1174 contra
747 1106 939 1176 mandatum
967 1110 1113 1174 nostrum
1135 1106 1362 1174 Lombardiam
1385 1106 1437 1172 vel

181 1195 262 1262 alias
285 1199 395 1281 partes
419 1196 511 1263 Italic
534 1197 657 1262 intrare
680 1197 732 1261 vel
754 1197 961 1282 capitaneum
991 1199 1047 1262 aut
1075 1195 1226 1262 militiam
1255 1218 1312 1262 seu
1340 1193 1436 1262 aliam

184 1307 417 1372 quamcumque
440 1289 574 1372 gentem
597 1285 759 1352 destinare
781 1287 998 1371 presumeret,
1031 1306 1090 1351 nos
1112 1287 1180 1352 tam
1203 1285 1312 1373 ipsum
1336 1284 1434 1374 O(on-

179 1374 343 1460 radicum)
368 1397 465 1462 quam
488 1397 550 1453 eos,
575 1374 630 1460 qui
652 1375 762 1442 taliter
784 1396 842 1460 pro
866 1396 903 1440 eo
927 1374 1078 1440 venirent
1090 1376 1142 1441 vel
1165 1397 1236 1440 cum
1266 1374 1353 1460 ipso,
1376 1396 1437 1440 nee

180 1484 248 1528 non
272 1466 304 1543 et
326 1485 439 1531 omnes
461 1465 542 1544 illos,
567 1464 621 1550 qui
645 1486 719 1529 eum
742 1467 800 1530 aut
821 1464 989 1530 venientes
1012 1486 1073 1549 pro
1096 1485 1134 1529 ee
1156 1464 1346 1550 reciperent,
1370 1486 1435 1541 seu,

181 1551 222 1628 ad
244 1553 389 1638 ipsorum
412 1553 588 1620 adventum
611 1554 662 1620 vel
684 1553 867 1633 transitum,
891 1553 937 1618 eis
960 1574 1020 1638 per
1041 1575 1076 1619 se
1099 1554 1150 1619 vel
1173 1575 1232 1638 per
1255 1553 1354 1621 alium
1377 1551 1435 1618 da·

179 1644 254 1706 rent
276 1642 460 1720 consilium,
484 1643 638 1708 auxilinm
661 1642 713 1707 vel
735 1644 894 1722 favorem,
923 1642 1088 1728 publicum
1110 1643 1162 1708 vel
1183 1643 1286 1708 occult
1271 1646 1356 1721 t,um
1379 1663 1436 1708 ex·

180 1731 477 1810 communicationis
500 1732 663 1797 sententia
686 1732 834 1796 duximus
856 1691 1068 1800 innodandos

270 1821 354 1886 Item
377 1821 453 1906 quia
474 1820 561 1887 idem
585 1819 814 1906 C(onradinus)
839 1823 951 1886 contra
978 1820 1188 1888 inhibitiones
1219 1822 1252 1886 et
1281 1793 1435 1926 precepta

179 1911 292 1974 nostra
314 1911 436 1975 temere
459 1909 620 1976 veniendo
645 1931 681 1976 ac
696 1933 730 1974 se
746 1909 889 2011 gerendo
912 1909 1133 1998 multipliciter
1148 1932 1207 1995 pro
1229 1931 1308 1996 rege
1323 1906 1435 1988 Sicilie,

181 1999 344 2064 Veronam
354 2020 426 2063 cum
435 1999 551 2065 militia
560 1999 671 2064 venire
681 1999 886 2101 presumpsit,
903 2021 977 2064 eum
992 1998 1253 2065 denuntiavimus
1275 1997 1399 2085 predict
1400 2021 1436 2064 as

179 2087 515 2159 excommunicationis
523 2088 717 2155 sententias
708 2087 888 2166 mcurrisse,
893 2087 1024 2154 denovo
1033 2087 1344 2154 excommunicantes
1352 2109 1433 2154 eun-

178 2175 261 2241 dem.
276 2177 359 2242 Item
375 2198 486 2242 omnes
503 2179 536 2242 et
551 2177 706 2280 singulos,
722 2177 778 2263 qui
793 2199 827 2243 se
838 2176 1101 2263 adprestandum
1110 2177 1214 2243 erdem
1224 2175 1434 2264 O(onradino)

179 2286 278 2350 super
292 2267 458 2352 premissis
476 2265 612 2354 imperio
635 2265 702 2332 sive
724 2289 827 2354 regno
850 2266 1012 2345 auxilium,
1028 2266 1195 2333 eonsilium
1218 2267 1270 2334 vel
1291 2268 1436 2334 favorem

175 2353 356 2438 juramenti
378 2356 507 2422 vinculo
529 2356 765 2435 astrinxerunt,
796 2356 1027 2422 denuntiantes
1046 2357 1231 2441 juramento
1252 2355 1437 2440 hujusmodi

179 2463 248 2509 uon
270 2443 376 2508 teneri
399 2447 433 2510 et
418 2444 496 2510 tab
519 2445 775 2511 observatione
750 2446 868 2599 ipsius
896 2467 949 2511 eos
972 2443 1200 2512 nichilominus
1223 2445 1435 2526 absolventes,

179 2531 207 2596 si
229 2531 372 2598 forsan
362 2555 398 2600 m
420 2533 605 2619 hujusmodi
627 2533 785 2620 propositi
808 2558 864 2604 seu
888 2533 1095 2621 obligationis
1118 2535 1341 2621 prosecutione
1359 2555 1436 2620 per·

179 2621 372 2700 sisterent,
363 2645 451 2708 ipsos
475 2624 812 2690 excommunicationis
835 2645 893 2690 sen
893 2625 1011 2702 tentio,
1035 2645 1133 2710 quam
1156 2627 1273 2688 extunc
1295 2623 1435 2703 tulimus,

179 2709 376 2784 decrevimus
399 2711 626 2815 subjaceret
594 2714 678 2778 Item
701 2715 777 2798 quia
800 2713 887 2780 idem
902 2711 1131 2799 C(onredinns)
1148 2712 1301 2778 mandato
1325 2715 1435 2778 nostro

179 2800 269 2956 sthi
263 2801 348 2867 facto
372 2824 412 2867 ex
434 2802 536 2869 causis
559 2801 728 2888 legitimis,
752 2806 789 2868 ut
817 2803 905 2868 infra
934 2803 1056 2868 certum
1084 2806 1214 2888 tempus
1245 2802 1284 2867 de
1308 2805 1437 2870 Verona

234 2892 421 2958 totaItalia
444 2913 516 2956 cum
538 2891 709 2958 omnisne
732 2897 831 2978 gente
855 2890 1031 2958 discederet
1016 2895 1119 2959 tneo
1148 2891 1226 2957 de'
1217 2892 1354 2996 imperio
1384 2891 1437 2957 vel

178 2893 341 3060 Italiaaet
363 2981 546 3069 specialiter
569 2980 608 3045 de
631 3003 735 3068 regno
753 2979 897 3060 Sicilie,
888 3004 924 3046 m
941 3003 1003 3066 quo
1020 3004 1102 3060 eum,
1125 2981 1207 3047 sicut
1221 2979 1434 3068 premisimus,

180 3071 372 3149 consistet
394 3093 454 3137 nos
477 3069 704 3162 nichilominus
727 3029 1002 3150 deelaraiimus,
987 3093 1043 3155 Jus
1066 3031 1195 3156 aliquod
1218 3092 1285 3137 non
1307 3069 1436 3149 habere,

178 3181 213 3224 se
242 3158 487 3238 intromitteret,
517 3147 632 3246 parere
663 3159 872 3261 contempsit,
902 3160 1010 3263 ipsum
1040 3181 1143 3246 regno
1174 3118 1436 3234 lerosolimitand

179 3246 377 3336 privavimus
401 3252 435 3314 et
455 3249 546 3314 omni
564 3249 647 3334 jure,
671 3249 699 3314 si
722 3248 808 3352 quod
829 3247 1001 3314 habebat'
956 3251 1028 3314 ιιι
1050 3248 1114 3328 ιιιο,
1139 3251 1172 3316 et
1195 3237 1330 3315 vasallos
1365 3249 1434 3352 ejus

178 3333 316 3404 ubilibet
301 3339 471 3406 tconstit
456 3342 543 3405 tutos
580 3339 621 3410 ab
651 3339 741 3404 omni
764 3339 950 3424 juramento
980 3298 1144 3404 fidelitatis
1175 3339 1384 3418 absolvimus,
1408 3338 1436 3430 si

180 3448 268 3530 quc·
264 3428 418 3494 tenentur
434 3427 546 3494 eidem.
568 3424 652 3494 Item
675 3428 751 3513 quia
773 3427 977 3514 postmodum
1000 3427 1194 3514 contemptis
1217 3428 1336 3494 nostris
1358 3423 1435 3515 pre·

179 3516 287 3583 missis
308 3517 548 3596 monitionibus,
570 3517 691 3584 inhibit
691 3516 875 3584 ionibuset
892 3517 1062 3602 preceptis,
1085 3517 1221 3604 Papiam
1243 3517 1378 3583 veniens
1402 3519 1435 3581 et

180 3606 360 3692 aliquorum
383 3567 571 3672 devotoruin
594 3606 724 3673 ecclesie
753 3609 873 3672 terram
902 3605 1075 3684 invadens,
1104 3607 1221 3672 iterato
1250 3607 1436 3674 monitusa

177 3695 345 3782 premissis
368 3696 522 3762 desistere
546 3698 580 3761 et
602 3696 643 3762 ad
665 3699 777 3764 nostra
799 3695 954 3761 mandata
982 3695 1069 3760 infra
1096 3698 1226 3782 tempus
1254 3695 1437 3782 specialiter

179 3786 210 3851 ei
234 3784 275 3851 ad
297 3784 357 3852 hoc
379 3785 537 3872 prefixum
559 3783 663 3851 redire
685 3784 915 3851 contumaciter
937 3806 1004 3851 non
1026 3785 1157 3864 curavit,
1180 3785 1193 3851 i
1193 3809 1288 3871 psum
1305 3785 1345 3854 de
1360 3807 1435 3872 pre·

179 3875 335 3942 dictorum
357 3873 495 3940 fratrum
513 3874 650 3946 consilio
671 3873 867 3942 reddidimus
888 3873 977 3940 omni
998 3877 1144 3960 tempore
1166 3810 1379 3961 ineligibilem
1403 3881 1437 3940 et

179 3963 1435 4139 lmilhtlhltimilatffilllullttlialelttlelulntllneltli

179 4163 323 4228 eumque,
347 4141 375 4206 si
398 4165 462 4227 qua
484 4077 594 4208 fllrsan
618 4167 638 4209 a
661 4141 857 4229 quibuslibet
879 4141 1018 4207 ecclesiis
1041 4077 1210 4210 obtineict.
1230 4076 1394 4208 Itenil
1331 4143 1435 4230 ipsius

181 4230 385 4318 C(onradini)
408 4235 569 4298 crescente
593 4231 717 4298 malitia
740 4252 849 4317 eoque,
865 4233 977 4296 contra
999 4231 1103 4297 mouit
1103 4231 1201 4310 iones,
1225 4231 1436 4298 inhibitiones

180 4321 537 4486 ιιιιοιιιιιιῗῗι
543 4319 1435 4512 2,Eratttttrtltrtttffirlr

182 4499 359 4611 abbatibus,
383 4497 542 4586 prioribus
565 4502 599 4564 et
620 4497 815 4588 quibuslibet
836 4499 908 4565 aliis
931 4498 1133 4564 ecclesiarum
1156 4499 1289 4586 prelatis
1309 4502 1342 4566 et
1356 4520 1431 4590 per·
