3404 5280
299 515 341 575 32
750 516 931 564 URBANUS
949 518 990 568 IV.
1011 518 1087 566 1264.

297 675 405 771 Q

297 800 369 876 Meji
409 802 438 860 3.
460 798 569 876 Apud
593 800 727 860 Urbem
748 803 923 861 veterem.
955 801 1102 860 Universis
1128 802 1356 880 archiepiscopis.
1384 806 1550 867 Narrantur

457 889 635 966 multiplices
657 892 862 966 oppressiones,
886 909 958 966 quas
972 908 1055 967 passa
1069 892 1115 950 est
1136 893 1254 952 ecelesia
1268 893 1300 952 in
1314 912 1406 972 regno
1421 893 1516 955 Sicilie
1532 913 1550 956 a

457 979 602 1038 Friderioo
611 979 733 1054 ejusque
742 980 857 1057 genitis,
868 979 987 1039 demum
995 980 1027 1038 in
1040 981 1169 1055 presenti
1181 982 1364 1054 aManiredo,
1379 1003 1432 1059 pro
1442 984 1551 1060 quibus

459 1068 645 1129 sublevandis
669 1069 793 1129 decimas
822 1069 954 1128 omnium
984 1069 1241 1130 ecclesiasticorum
1269 1075 1469 1147 proventuum
1497 1091 1551 1150 per

458 1159 619 1218 triennium
642 1158 725 1234 petit.
756 1193 801 1202 ..,
830 1158 989 1232 „Dolorem
1013 1159 1212 1236 urgentium“.
1245 1161 1277 1221 V.
1294 1179 1361 1222 non.
1394 1163 1474 1238 Maji.
1506 1165 1548 1224 90

459 1267 487 1324 p.
506 1248 567 1307 105
584 1249 636 1332 0¹.
891 1263 901 1290 ⁸
1484 1255 1550 1314 335

314 1352 344 1436 („
414 1356 456 1431 3.)
517 1354 559 1432 („)
634 1354 745 1414 Simoni
753 1355 799 1413 tit
812 1354 913 1413 Uecilio
927 1355 1021 1430 presb.
1032 1354 1106 1413 card.
1117 1356 1209 1431 apost.
1218 1357 1275 1416 sed.
1287 1357 1392 1434 legato.
1408 1359 1448 1418 Ut
1456 1359 1548 1420 dicte

422 1497 424 1508 ,
459 1443 582 1502 decimas
600 1443 750 1503 solvendas
765 1446 857 1521 cogat
874 1475 919 1486 -
934 1445 1026 1516 „Cum
1039 1449 1119 1504 nos“.
1136 1446 1175 1503 91
1192 1465 1220 1522 p.
1241 1447 1302 1507 106
1318 1446 1371 1530 D,.
1484 1451 1549 1510 333

320 1593 338 1624 ,,
408 1552 435 1610 3.
526 1593 542 1624 ,,
631 1550 777 1611 Ludovieo
791 1551 856 1628 regi
864 1551 1048 1611 Francorum.
1066 1552 1104 1610 Ut
1118 1553 1196 1611 ortas
1211 1552 1366 1614 discordias
1380 1556 1458 1614 inter
1473 1553 1549 1616 Mer·

459 1639 652 1719 geritamejus
661 1642 965 1700 uxoremetUarolum
973 1640 1312 1719 Andagavieprincipem
1320 1644 1416 1720 sopire
1425 1643 1548 1706 studeat

264 1797 270 1808 ,
460 1735 501 1774 -“-
518 1732 609 1804 ,,011111
623 1750 677 1806 per
690 1731 787 1791 alias“.
803 1731 835 1791 V.
851 1747 918 1788 non.
935 1729 1013 1806 Maji.
1030 1731 1071 1789 96
1086 1750 1115 1807 p.
1136 1732 1196 1790 108
1213 1733 1266 1817 D1.
1484 1739 1548 1795 337

322 1877 339 1912 ,,
392 1837 437 1932 ,3.
527 1880 544 1910 ,,
633 1838 790 1914 Margarita
805 1837 916 1896 illustri
929 1837 1031 1914 regine
1045 1819 1228 1898 Francorum.
1255 1840 1294 1899 Ut
1308 1839 1423 1900 felicem
1438 1859 1469 1902 se
1482 1860 1549 1918 pre-

457 1926 525 1987 beat
545 1924 583 1984 ad
604 1927 815 2002 componendae
829 1927 985 1987 discordias
999 1926 1077 1986 inter
1097 1927 1190 2005 ipsam
1211 1930 1241 1987 et
1256 1929 1400 1990 (lercium.
1417 1965 1459 1976 -
1475 1931 1549 2002 „Ux-

456 2017 646 2093 perimento“.
662 2016 695 2078 V.
711 2035 780 2077 non.
795 2017 874 2094 Maji.
891 2016 931 2075 97
948 2036 976 2092 p.
996 2017 1057 2076 108
1074 2018 1126 2102 01.
1485 2025 1549 2081 333

320 2167 337 2198 ,,
407 2125 435 2183 3.
525 2166 541 2196 ,,
631 2123 731 2182 Nobili
754 2123 817 2183 viro
840 2124 948 2192 Carolo.
979 2124 1018 2182 Ut
1040 2123 1143 2184 faciem
1167 2143 1197 2185 se
1220 2125 1341 2200 prebeat
1364 2144 1432 2188 cum
1453 2125 1549 2204 legato

457 2232 531 2291 pape
545 2213 578 2272 in
592 2213 710 2290 negotio
728 2212 814 2290 regni
832 2212 935 2284 Sicilie,
961 2215 1079 2272 senatus
1098 2213 1184 2273 Urbis
1202 2217 1232 2273 et
1253 2218 1332 2289 pacis
1354 2215 1549 2291 componenda

457 2321 525 2362 cum
547 2303 720 2380 Margarita,
743 2320 832 2362 uxore
853 2302 932 2380 regis
952 2303 1138 2363 Francorum.
1156 2337 1196 2348 -
1213 2304 1314 2376 „Uili“.
1330 2305 1364 2366 V.
1386 2323 1456 2366 non
1471 2305 1549 2380 Maji.

459 2394 500 2452 98
515 2412 544 2469 p.
563 2393 625 2451 108
642 2393 695 2478 0¹.
1485 2401 1551 2456 339

319 2544 337 2576 ,,
406 2503 434 2561 4.
524 2543 542 2573 ,,
606 2500 663 2560 'P.
683 2499 1059 2578 18,891:111.n0n,uaii.
1079 2499 1140 2559 103
1156 2518 1185 2575 p.
1205 2499 1265 2559 109
1282 2502 1335 2587 D1.
1486 2507 1551 2564 390

319 2593 337 2686 ’,.
408 2609 435 2668 7.
526 2651 543 2681 ‚‚
633 2606 1031 2668 lassataslasatas
1055 2606 1551 2674 Pacocironisorussenedicti.

457 2698 538 2770 Quod
548 2698 647 2758 abbati
656 2696 816 2756 dellezano
825 2697 927 2775 fugato
942 2715 994 2772 per
1009 2697 1153 2756 Ubartum
1166 2697 1365 2758 Palavicinum
1379 2699 1552 2775 provideant

456 2790 488 2850 in
502 2788 677 2848 necessariis.
688 2787 804 2857 -„Ad
819 2787 1038 2862 provisionem“.
1054 2805 1121 2845 non.
1137 2786 1217 2862 Maji.
1236 2788 1297 2846 502
1313 2806 1341 2862 p.
1362 2789 1421 2847 161
1441 2789 1469 2847 0.
1485 2794 1550 2849 391

312 2895 341 2973 (,,
412 2896 453 2976 7.)
514 2896 557 2974 (,,)
630 2894 741 2955 Abbati
756 2912 778 2953 s.
793 2894 839 2953 Jo.
855 2894 987 2953 Parmen.
1002 2894 1045 2952 De
1060 2893 1167 2953 eodem.
1187 2895 1249 2952 503
1265 2913 1294 2971 p.
1313 2895 1374 2953 161
1392 2895 1420 2954 0.
1484 2900 1549 2956 393

319 3045 336 3076 ,,
407 3003 435 3064 7.
526 3046 543 3076 ,,
632 3002 855 3076 Archiepiscopo
871 3001 1036 3060 Cusentino.
1065 3001 1178 3060 Laudat
1192 2999 1256 3074 ejus
1271 2999 1455 3072 industriam,
1472 3002 1551 3078 quod

456 3095 588 3154 animum
608 3093 688 3170 regis
702 3093 880 3150 Francorum
901 3090 1050 3150 induxerit
1071 3088 1108 3147 ad
1130 3089 1283 3167 negotium
1297 3092 1384 3168 regni
1399 3091 1503 3162 Sicilie,
1518 3091 1551 3150 iu

456 3203 609 3260 personam
630 3182 723 3241 Caroli
744 3180 989 3257 promovendum,
1012 3180 1145 3249 mandat,
1162 3180 1243 3239 utin
1258 3179 1408 3240 branciam
1424 3200 1492 3241 cum
1507 3181 1550 3239 le·

458 3275 534 3351 gato,
550 3273 603 3349 qui
611 3271 750 3343 mittitur,
765 3271 937 3341 revertatur,
954 3271 1020 3328 tum
1029 3270 1066 3328 ad
1075 3269 1172 3328 sedem
1181 3269 1368 3345 apostolicam
1376 3273 1550 3330 revertatm.

459 3395 500 3408 -
516 3362 765 3438 „Experimento“.
780 3378 848 3419 non.
864 3359 943 3435 Maji.
963 3360 1022 3418 102
1040 3378 1068 3434 p.
1088 3359 1148 3418 109
1166 3359 1219 3443 01.
1484 3364 1550 3421 393

317 3513 336 3544 ,,
384 3471 434 3530 13.
524 3513 541 3542 ,,
630 3469 662 3540 Ρ,
682 3467 812 3538 18,909;
837 3500 879 3512 -
904 3466 969 3540 „Ad
992 3465 1231 3543 reparationem“.
1261 3465 1327 3525 Dat.
1348 3465 1427 3541 apud
1443 3465 1551 3524 Urbem

455 3561 592 3620 veterem.
607 3560 660 3618 111.
675 3558 715 3618 id.
730 3557 808 3633 Maji.
828 3558 889 3615 180
905 3576 932 3631 p.
952 3556 992 3615 54
1007 3556 1043 3616 D.
1484 3558 1551 3616 804

317 3710 336 3739 ,.
383 3667 433 3728 13.
523 3710 540 3738 „
629 3661 1549 3740 P.18,909:Upiscop000ronensi.DeeodemproimperioOon·

456 3755 721 3832 stantinopolitano.
741 3786 782 3795 r-
798 3753 999 3828 „0upientes“.
1015 3753 1080 3812 Dat.
1095 3754 1131 3810 ut
1146 3770 1234 3828 supra
1254 3751 1314 3810 181
1332 3771 1360 3827 p.
1381 3752 1457 3811 55]).
1480 3755 1547 3812 395

319 3905 337 3937 ,,
386 3863 435 3936 13,
525 3905 541 3935 ,,
631 3863 662 3921 Ρ.
682 3861 807 3933 18,909.
833 3859 1272 3936 NobiliviroduciBurgimdie.
1294 3858 1549 3934 UtimperioUon-

456 3952 714 4027 stantinopolitano
729 3969 814 4026 opem
828 3949 911 4008 ferat.
922 3983 964 3992 —
975 3949 1113 4020 „Dumin
1122 3953 1269 4026 gravem“.
1278 3950 1333 4008 III.
1342 3945 1382 4006 id.
1392 3947 1472 4024 Maji.
1487 3949 1549 4006 182

455 4062 484 4119 p.
504 4043 543 4101 55
560 4043 595 4102 Ι).
662 4042 699 4100 In
713 4059 737 4099 e.
753 4060 792 4099 m.
807 4041 941 4116 episcopo
956 4039 1139 4126 Vrajeotensi.
1484 4041 1550 4098 396

317 4189 343 4225 „=
384 4149 433 4208 14.
524 4190 540 4223 „
631 4147 726 4206 Priori
747 4149 778 4206 et
799 4145 957 4206 conventui
972 4145 1076 4203 domus
1091 4145 1182 4205 Vans
1198 4145 1225 4205 S.
1241 4144 1373 4204 Mauritii
1389 4143 1548 4204 Uatursien

455 4239 516 4299 ord.
531 4235 738 4314 Aquilegensis
754 4236 825 4295 dioc.
844 4235 1038 4294 Confirmatur
1052 4234 1127 4293 facta
1141 4235 1183 4293 eis
1198 4234 1315 4294 donatio
1326 4232 1361 4292 de
1370 4232 1549 4309 quibusdam

455 4328 542 4403 terris
557 4347 575 4386 a
588 4325 748 4402 Luipoldo‚
771 4325 845 4384 duce
858 4323 978 4382 Austrie
994 4325 1024 4382 et
1039 4323 1144 4394 stine,
1160 4341 1236 4382 anno
1254 4324 1348 4382 1209.
1367 4331 1407 4368 -'-
1424 4323 1551 4396 „Uuma

454 4417 566 4478 nobis“.
595 4418 634 4475 Il.
650 4415 690 4476 id.
705 4414 783 4490 Maji.
803 4413 864 4473 108
880 4431 909 4489 p.
926 4414 966 4472 49
985 4413 1013 4471 0.
1029 4412 1063 4472 cf.
1079 4414 1111 4473 P.
1131 4412 1254 4472 18,911.
1482 4416 1548 4473 337

316 4567 334 4600 ,,
382 4525 431 4587 14.
521 4566 540 4598 ,,
628 4521 806 4600 lingonensi
820 4522 850 4580 et
864 4519 997 4578 Treccnsi
1011 4519 1161 4596 episeopis.
1176 4520 1220 4580 De
1234 4519 1387 4580 lamberto
1403 4518 1465 4578 cive
1479 4519 1549 4577 Flo-
