3464 5280
281 490 354 556 122Ὶ
423 527 428 537 ·

277 653 389 731 lorum,
413 653 560 720 invocato
584 654 705 720 adhoc
729 655 834 734 etiam,
859 656 887 720 si
910 677 1039 720 necesse
1063 656 1169 734 fuerit,
1192 655 1315 720 brachii
1338 655 1456 720 auxilio
1480 677 1532 720 00-

277 742 400 807 cularis.
446 743 522 808 Non
545 743 693 808 obstante
718 745 745 808 si
769 745 928 829 aliquibus
953 768 972 808 a
995 744 1069 809 sede
1094 740 1268 828 apostolica
1292 747 1341 809 est
1360 744 1531 824 indultum,

278 832 363 916 quod
385 832 541 909 interdici,
565 833 720 917 suspendi
744 837 776 897 et
800 833 1066 898 excommunicari
1088 855 1144 898 seu
1176 837 1261 898 terre
1284 838 1429 918 ipsorum
1453 857 1530 918 sup·

276 921 355 1005 poni
378 921 588 986 ecclesiastico
611 923 780 987 interdicto
804 945 869 986 non
886 923 1013 1008 possint
1031 945 1090 1007 per
1105 922 1230 987 litteras
1247 924 1446 1009 apostolicas,
1463 944 1530 987 non

275 1011 429 1075 facientes
459 1011 591 1095 plenam
623 1014 655 1075 et
685 1033 870 1096 expressam
900 1012 938 1076 de
966 1012 1092 1076 indulto
1115 1011 1299 1096 hujusmodi
1321 1013 1529 1090 mentionem,

276 1101 373 1164 nullis
396 1100 512 1165 litteris
535 1100 664 1165 veritati
694 1104 727 1165 et
752 1102 877 1184 justitie
908 1101 1183 1185 prejudicantibus
1207 1125 1226 1166 a
1249 1101 1323 1166 sede
1352 1103 1531 1186 apostolica

274 1188 456 1273 impetratis
488 1190 539 1254 vel
571 1190 669 1254 etiarn
700 1191 921 1276 impetrandis
968 1191 1088 1254 Datum
1122 1191 1288 1276 Anagnia,
1320 1192 1361 1256 II.
1386 1191 1426 1257 id.
1451 1190 1530 1256 Julii

275 1300 362 1343 anno
388 1279 434 1343 1⁰.

890 1407 919 1468 3.

362 1547 547 1613 cusanca
560 1549 623 1616 IV.
639 1549 774 1614 mandat
788 1550 914 1626 decano,
930 1549 1068 1634 capitulo
1085 1559 1115 1614 ct
1128 1550 1243 1613 diocesi
1251 1549 1528 1627 Haltcrctcdcnei,

273 1665 311 1719 ut
339 1655 480 1720 Volrado
505 1656 595 1720 electo
617 1656 885 1721 Hottcrstcdcnoc‘
908 1656 1061 1721 obediunt.
1086 1657 1126 1740 cf.
1150 1656 1208 1720 Nc.
1232 1659 1284 1722 37.
1321 1657 1526 1740 Amynta,

272 1761 379 1827 1255
402 1764 492 1828 Jur.
517 1764 582 1828 14.

362 1953 369 1966 .
393 1953 400 1966 .
424 1953 431 1966 .
455 1954 462 1966 .
486 1903 615 1967 Decano
646 1907 679 1968 et
708 1904 848 1988 capitulo
872 1904 1137 1968 Helberstadensi
1167 1926 1227 1968 nec
1254 1925 1324 1968 non
1348 1905 1527 1982 abbatibus,

272 1991 446 2076 prioribus,
477 1993 625 2076 prelatis,
656 1993 817 2057 canonicis
848 1995 880 2056 et
907 1993 1027 2057 clericis
1058 1992 1217 2058 universis
1240 1993 1378 2057 civitatis
1403 1996 1436 2057 et
1458 1993 1526 2057 dio·

272 2081 352 2146 00010
375 2081 665 2146 Halberstadensis.
712 2083 855 2146 Dilectus
886 2082 970 2146 filius
1002 2081 1158 2149 Volradus
1190 2083 1308 2146 electus
1338 2082 1525 2147 Halbersta-

271 2171 379 2234 densis
403 2193 461 2234 sua
484 2171 576 2234 nobis
601 2172 758 2255 petitione
781 2172 942 2248 monebat,
967 2171 1068 2255 quod,
1092 2169 1163 2234 cuin
1188 2171 1309 2234 dudum
1330 2171 1366 2234 in
1390 2171 1525 2235 Helber-

271 2259 414 2326 stadensi
437 2260 569 2324 ecclesia
591 2260 652 2323 due
675 2261 813 2324 fuissent
836 2261 1015 2338 electiones
1039 2260 1187 2324 videlicet
1202 2260 1240 2324 de
1256 2260 1337 2344 ipso,
1361 2263 1522 2324 1111100οο-

270 2349 390 2428 lastico,
414 2349 447 2412 et
470 2348 508 2411 de
532 2348 669 2413 Ludulfo
693 2350 732 2413 de
755 2347 881 2427 Sladen,
905 2349 1058 2412 canonico
1078 2349 1179 2434 ipsius
1203 2351 1332 2413 ecclesie
1356 2349 1523 2428 celebrate,

271 2459 369 2522 quare
399 2437 500 2502 felicis
532 2437 760 2503 recordationis
792 2438 1030 2524 I(nnocentius)
1054 2461 1150 2522 papa,
1179 2439 1382 2523 predecessor
1404 2441 1522 2516 noster,

271 2526 530 2611 procuratoribus
554 2528 709 2611 partium,
734 2529 867 2611 propter
893 2527 953 2591 hoc
982 2527 1016 2590 in
1048 2529 1116 2611 ejus
1147 2528 1311 2612 presentia
1341 2528 1522 2592 oonst'tutis

270 2619 303 2681 et
327 2615 453 2694 auditis,
477 2637 538 2700 que
561 2617 650 2680 fuere
674 2616 846 2680 hincinde
870 2616 1036 2701 proposita
1059 2638 1164 2680 coram
1187 2618 1277 2701 ipso,
1308 2617 1434 2681 invenit
1457 2618 1521 2680 ele-

267 2707 406 2771 ctionem
428 2705 467 2768 de
491 2707 617 2789 prefato
633 2706 676 2784 L,
700 2706 756 2789 qui
776 2705 980 2789 postmodum
998 2728 1017 2768 a
1032 2706 1208 2771 venerabili
1223 2706 1323 2769 fratre
1340 2709 1450 2771 nostro
1467 2757 1473 2770 .
1490 2757 1497 2769 .
1514 2758 1521 2771 .

267 2794 505 2879 archiepiscopo
529 2793 723 2880 Magantino
746 2795 806 2858 loci
835 2795 1085 2879 metropolitano
1115 2817 1232 2858 munus
1263 2794 1324 2858 sibi
1353 2795 1521 2859 confirma-

266 2884 364 2949 tionis
388 2886 421 2947 et
443 2884 690 2948 consecrationis
712 2883 859 2967 impendi
882 2884 1081 2962 obtinuerat,
1110 2886 1224 2967 utpote
1248 2883 1351 2948 adhuc
1373 2906 1441 2947 non
1464 2907 1521 2949 va·
1639 2965 1641 2970 ,

266 2975 360 3038 cante
392 2972 476 3036 dicta
508 2973 639 3037 ecclesia
673 2973 740 3036 fore
778 2976 1001 3057 presumptam
1035 2971 1147 3037 amodo
1178 2972 1341 3056 quondam
1372 2974 1521 3057 episcopo

266 3061 529 3128 Halberstadensi
551 3061 695 3125 nondum
718 3063 885 3126 obtinente
910 3062 1042 3126 cedendi
1064 3062 1229 3126 licentiam
1252 3063 1326 3126 licet
1349 3083 1420 3125 eam
1449 3084 1520 3125 curn

265 3149 424 3216 instantia
447 3151 642 3235 postulasset
665 3174 683 3214 a
707 3150 821 3214 dilecto
843 3152 909 3215 filio
933 3153 1043 3215 nostro
1067 3151 1120 3229 H,
1152 3151 1238 3214 tituli
1270 3153 1379 3215 sancte
1403 3149 1520 3215 Sabine

266 3239 453 3327 presbytero
477 3239 645 3317 cardinali,
675 3242 753 3303 tunc
782 3239 817 3303 in
849 3240 996 3323 partibus
1021 3240 1214 3304 Alamannia
1239 3240 1411 3324 apostolice
1436 3238 1520 3304 sedis

265 3330 382 3416 legato,
406 3330 539 3413 propter
562 3329 748 3414 generalem
772 3329 869 3393 etiam
892 3329 1129 3404 inhibitionem,
1154 3330 1194 3393 ab
1210 3330 1282 3413 ipso
1298 3329 1407 3413 legato
1424 3329 1520 3392 emis-

265 3441 342 3497 sam,
365 3417 514 3481 utnulla
537 3418 706 3483 0100110111
729 3439 833 3502 regno
850 3417 1019 3482 Alamanie
1043 3419 1142 3494 fieret,
1167 3419 1236 3501 ejus
1261 3418 1444 3502 irrequisito
1468 3441 1520 3482 as-

265 3530 370 3584 sensu,
394 3527 491 3590 super
515 3508 630 3591 quibus
653 3508 756 3571 dictus
780 3505 951 3570 cardinalis
983 3507 1023 3570 ab
1054 3507 1166 3570 eodem
1197 3505 1420 3590 predecessore
1445 3529 1519 3591 spe-

264 3597 341 3661 ciale
356 3595 546 3659 mandatum
568 3597 717 3674 babebat,
742 3594 949 3660 denunciavit
973 3597 1162 3660 electionem
1186 3594 1373 3679 hujusmodi
1389 3597 1519 3680 penitus

263 3686 390 3750 irritam
413 3686 447 3747 et
470 3684 659 3749 electionem
683 3687 796 3768 postea
819 3684 857 3748 de
884 3686 955 3769 ipso
980 3685 1119 3751 Volrado
1149 3684 1343 3749 celebratam
1365 3686 1520 3750 0011011100

263 3774 302 3839 de
332 3774 469 3838 fratrum
500 3795 629 3838 suorum
660 3773 791 3836 consilio
822 3774 1030 3839 confirmavit.
1078 3776 1199 3839 Verum
1229 3777 1286 3837 etc.
1320 3796 1420 3858 usque
1445 3796 1520 3857 pro-

262 3865 409 3950 mulgata
439 3861 573 3926 ubilibet
602 3861 755 3926 canonica
785 3862 971 3925 monitione.
1017 3864 1115 3926 Porro
1145 3861 1230 3924 idern
1261 3863 1313 3941 L,
1336 3863 1521 3946 hujusmodi

263 3952 441 4017 sententias
473 3950 723 4036 dampnabiliter
753 3949 956 4033 vilipendens
988 3953 1021 4014 et
1050 3950 1309 4015 maledictionem
1339 3951 1453 4016 bibens
1485 3954 1522 4014 ut

264 4063 389 4126 aquam,
413 4040 531 4105 divinis
555 4039 667 4104 officiis
689 4042 810 4103 temere
835 4060 868 4101 00
892 4039 1050 4103 immiscet
1072 4040 1106 4103 111
1132 4039 1239 4103 anime
1264 4063 1319 4104 sue
1335 4041 1520 4124 periculum,

262 4131 364 4216 ipsius
403 4129 495 4194 electi
532 4129 743 4214 prejudicium
782 4131 814 4192 et
847 4128 1055 4192 ecclesiastice
1088 4128 1256 4212 discipline
1290 4132 1520 4213 contemptum.

265 4218 418 4300 Quocirca
441 4219 646 4284 universitati
676 4219 781 4284 vestre
806 4238 864 4301 per
887 4218 1062 4301 apostolica
1086 4217 1205 4302 scripta
1235 4219 1271 4282 in
1301 4219 1420 4282 virtute
1444 4219 1520 4282 obe-

263 4307 384 4374 dientie
408 4306 550 4372 districte
574 4305 783 4392 precipiendo
807 4303 1012 4384 mandamus,
1044 4310 1204 4391 quatenus
1229 4307 1372 4371 universi
1396 4310 1428 4370 01
1452 4308 1519 4370 0111-

263 4398 333 4484 guli
357 4396 460 4461 eidem
483 4396 591 4476 eleeto,
614 4399 771 4480 tanquam
794 4394 880 4480 patri
904 4398 937 4459 01
965 4397 1088 4479 pastori
1119 4396 1300 4460 animarum
1331 4399 1519 4474 vestrarum,

260 4487 470 4554 intendentes
495 4489 527 4550 et
550 4485 735 4550 obedientes
758 4483 922 4548 humiliter
946 4486 978 4548 et
1008 4485 1121 4550 devote
1152 4485 1213 4549 sibi
1244 4488 1355 4576 contra
1385 4485 1532 4578 111011Ιο
