3438 5276
1218 599 1222 606 .
1353 519 1434 606 ‘its

182 700 331 766 dommus
361 700 534 786 apostolice
564 722 697 768 manum
726 701 924 766 auctoritatis
956 713 1121 786 opponere
1150 703 1261 767 contra
1275 711 1374 788 cos,
1390 705 1437 767 -ut

182 811 286 875 penas
309 790 375 856 suis
402 783 581 876 condignas
608 789 751 855 reatibus
780 791 1006 876 pertimentes,
1037 790 1169 856 stanti
1199 791 1314 856 erroris
1343 791 1435 857 devio

180 878 397 958 retrahentia,
420 879 472 944 vel
501 879 529 945 si
558 879 713 944 obstinati
741 880 877 958 fuerint,
905 879 1083 964 dampnum
1106 882 1264 966 perpetuo
1287 880 1435 959 defleant,

183 968 269 1053 quod
291 969 357 1035 suis
380 968 482 1054 culpis
505 969 710 1054 exigentibus
733 971 928 1034 merucrvmt.
951 968 1045 1035 Unde
1068 990 1142 1034 cum
1164 969 1302 1034 eundem
1322 991 1436 1056 regem

181 1061 352 1124 strenuum
380 1057 483 1123 nostri
510 1057 723 1143 redemptoris
753 1058 909 1123 athletam
939 1060 971 1123 et
997 1057 1195 1124 indefessum
1219 1059 1361 1144 ejusdem
1384 1079 1435 1124 eo-

180 1147 276 1212 clesie
291 1147 445 1234 pugilem,
468 1147 551 1212 sicut
564 1147 669 1212 nostri
682 1147 841 1232 pupillam
857 1147 940 1212 oculi
954 1147 1120 1228 custodire,
1137 1169 1173 1213 ac
1187 1147 1273 1213 idem
1287 1155 1435 1234 regnum,

182 1235 268 1321 quod
291 1258 311 1300 a
333 1235 426 1302 nobis
449 1238 482 1300 et
504 1233 616 1301 eadem
640 1237 771 1302 ecclesia
793 1237 886 1302 tenet
907 1236 943 1301 in
965 1236 1109 1317 feudum,
1133 1237 1240 1322 plenis
1254 1237 1435 1303 defendere

181 1325 296 1390 studiis
317 1324 534 1405 intendamus,
556 1325 592 1390 in
616 1347 727 1390 omnes
749 1326 837 1409 illos,
867 1325 923 1411 qui
950 1347 1091 1412 regnum
1119 1327 1227 1412 ipsum
1256 1327 1437 1393 invaserint
1503 1373 1505 1376 ψ

180 1414 232 1480 vel
254 1413 366 1480 invadi
388 1415 633 1501 procuraverint
655 1416 696 1480 ab
726 1415 797 1480 aliis
827 1417 883 1480 aut
909 1415 1113 1481 invasoribus
1141 1416 1330 1501 impendere
1359 1437 1435 1503 pre-

180 1503 381 1588 sumpserint
409 1504 590 1584 consilium‚
621 1503 775 1570 auxilium
805 1505 856 1569 vel
884 1505 1028 1570 favorem
1066 1505 1193 1590 publice
1222 1505 1275 1570 vel
1303 1506 1433 1584 occulte,

180 1592 264 1658 latas
288 1592 364 1657 olim
387 1592 423 1657 in
447 1615 509 1672 eos,
533 1596 566 1658 et
587 1595 690 1660 terras
713 1615 824 1659 eorum
847 1594 1183 1660 excommunicationis
1213 1598 1246 1659 et
1273 1594 1437 1660 interdicti

180 1682 360 1747 sententias
382 1683 617 1761 confirmantes,
641 1685 674 1748 et
703 1705 757 1748 eas
787 1683 975 1748 auctoritate
1004 1685 1204 1768 presentium
1232 1684 1436 1763 innovantes,
1477 1722 1480 1731 ,

180 1770 408 1837 nichilominus
432 1772 741 1837 excommunicamus
765 1775 799 1837 et
821 1773 1129 1838 anathematizamus
1157 1773 1285 1840 eosdem
1309 1794 1436 1839 eorum·

181 1881 244 1944 que
267 1863 371 1926 terras
393 1861 491 1927 simili
512 1862 684 1928 subicimus
701 1861 886 1940 interdicto,
910 1861 951 1927 ab
967 1883 1077 1927 eorum
1093 1884 1219 1948 quoque
1236 1862 1435 1947 subjectione

183 1972 258 2015 suos
274 1949 418 2016 subditos
434 1951 620 2029 eximentes,
643 1951 731 2037 ipsos
747 1952 972 2036 ajuramento,
996 1972 1059 2035 quo
1075 1953 1120 2017 eis
1137 1953 1258 2018 astricti
1273 1953 1435 2033 tenentur,

182 2038 384 2117 absolvimus,
401 2039 545 2124 quandiu
567 2041 603 2105 in
626 2063 684 2105 sua
706 2041 831 2106 malitia
853 2039 1061 2125 perdurarint
1076 2044 1110 2106 et
1124 2042 1224 2107 donec
1242 2040 1283 2108 ad
1296 2045 1435 2127 aposto·

180 2128 240 2193 lice
274 2128 358 2193 sedis
391 2129 558 2194 arbitrium
590 2130 805 2196 satisfecerint
836 2130 875 2194 de
898 2129 1083 2196 commissis.
1106 2133 1146 2198 ln
1178 2154 1232 2196 eos
1264 2151 1348 2211 vero,
1380 2131 1437 2216 qui

181 2217 325 2302 ejusdem
348 2219 477 2284 ecclesie
501 2220 578 2284 sunt
600 2220 735 2304 subjecti
756 2219 897 2291 dominio
911 2221 1094 2305 temporali,
1117 2223 1227 2306 preter
1241 2241 1344 2306 penas
1359 2242 1435 2306 prc-

180 2307 281 2372 dictas
304 2307 558 2373 animadvertere
581 2309 711 2394 gravius
733 2308 955 2388 intendentes,
978 2309 1075 2394 ipsos,
1097 2313 1254 2395 tanquam
1275 2320 1346 2374 reos
1369 2311 1436 2376 lese

134 2473 138 2478 ·
180 2396 585 2553 sslzztttttzl
603 2398 1436 2555 ,attrectantstratulum

181 2575 271 2640 sione
294 2507 501 2663 anastasis,
525 2598 564 2641 ea
592 2508 702 2642 nostrgo
726 2537 884 2662 et'ipsius
908 2511 1037 2643 ecclesie
1060 2577 1201 2644 dominio
1225 2579 1436 2666 applicantes.

179 2665 339 2730 Personas
362 2667 470 2730 autem
493 2687 611 2744 eorum,
636 2689 715 2751 quas
738 2666 874 2733 ubilibet
888 2668 924 2731 in
938 2667 1032 2733 terris
1048 2668 1178 2733 ecclesie
1196 2668 1336 2734 inveniri
1358 2689 1435 2733 con-

179 2753 300 2840 tigerit,
323 2755 472 2820 omnibus
489 2753 608 2821 Christi
629 2756 777 2822 fidelibus
800 2757 880 2822 eitra
902 2757 1014 2821 mortis
1038 2758 1089 2822 vel
1111 2758 1324 2827 mutilationis
1347 2759 1435 2843 peri-

180 2844 288 2908 culum
319 2845 509 2930 exponimus
538 2845 727 2930 capiendas,
757 2849 868 2912 contra
897 2847 1120 2931 posteritatem
1151 2869 1274 2928 eorum,
1307 2847 1436 2913 clericos

182 2934 280 2999 etiam
310 2934 493 2999 eorumdem
522 2935 604 3000 filios
635 2938 669 3000 et
696 2938 833 3021 nepotes
864 2935 903 3000 ad
932 2935 1160 3002 beneficiorum
1191 2959 1336 3016 suorum,
1351 2975 1354 2988 ·
1368 2939 1437 3002 tam

180 3022 364 3088 habitorum
396 3045 494 3109 quam
511 3024 741 3103 habendorum,
764 3024 978 3110 privationem
1003 3030 1131 3091 auctore
1154 3027 1284 3093 domino
1307 3049 1435 3113 proces·

181 3113 257 3190 suri,
280 3115 378 3199 prout
406 3112 517 3178 decere
546 3113 720 3180 viderimus
744 3117 777 3179 ct
798 3114 1025 3182 crediderimus
1049 3116 1209 3202 expedire.
1233 3119 1354 3184 Datum
1377 3117 1435 3184 Vi·
1558 3195 1561 3204 1

180 3201 285 3282 terbii,
309 3202 367 3268 III.
390 3203 454 3268 kal.
477 3203 597 3288 Martii¹
610 3225 697 3268 anno
720 3207 843 3290 quarto.
1375 3243 1379 3247 -

783 3401 835 3468 21.

230 3546 232 3554 ’
273 3543 414 3613 comens
436 3544 459 3610 1
465 3547 500 3614 V.
521 3547 682 3631 sipos'ficct
701 3549 861 3612 univocis
883 3550 1046 3634 episcopis,
1068 3571 1125 3634 per
1149 3531 1300 3616 Tmolum
1321 3556 1437 3632 masd-

181 3655 268 3734 taus,
292 3675 397 3718 omues
412 3673 556 3720 accessus
572 3653 749 3720 Gcorcdiai
766 3662 797 3720 ct
817 3651 959 3733 mardos
981 3667 1018 3722 ot
1033 3677 1210 3742 processus,
1224 3669 1336 3728 contro
1358 3659 1437 3728 cca-

182 3761 253 3826 aaa
275 3762 408 3840 habitos,
432 3761 541 3826 dictos
564 3763 731 3827 dominicis
754 3771 783 3827 ct
796 3765 926 3846 festivis
936 3763 1079 3848 pulsatis
1093 3769 1259 3852 compostis
1270 3769 1436 3854 publicent.

180 3868 303 3954 esua
328 3871 402 3936 ccc.
457 3868 640 3953 vomere,
664 3870 771 3938 racc
793 3867 898 3955 Aac.
921 3870 961 3937 o.

271 4010 438 4077 Universis
469 4010 627 4096 episcopis
656 4033 715 4098 per
737 4011 889 4078 ¹(tusciam
918 4014 1109 4081 constitutis.
1134 4015 1244 4096 Quam
1272 4036 1435 4102 propenso

181 4100 322 4179 conmlio,
347 4123 444 4185 quam
463 4100 552 4184 justo
570 4101 690 4185 judicio
719 4101 821 4166 felicis
847 4103 1076 4169 recordationis
1099 4105 1307 4172 Innocentius
1338 4106 1434 4190 papa,

180 4189 387 4278 predecessor
408 4191 527 4266 noster,
551 4189 713 4274 quondam
735 4191 937 4270 lhiderioum,
961 4193 1037 4257 olim
1052 4193 1270 4258 Romanorum
1291 4193 1434 4278 impera-

180 4283 293 4358 torem,
316 4279 383 4344 suis
406 4279 610 4364 exigentibus
633 4281 735 4364 culpis
765 4279 947 4345 enormibus
978 4284 1011 4346 et
1039 4283 1219 4349 manifestis
1243 4285 1434 4363 excessibus,

180 4369 358 4456 imperialia
387 4367 508 4433 honore
538 4368 610 4433 solii
639 4371 672 4432 et
700 4391 803 4454 regno
825 4365 928 4434 Sicilie
955 4370 1217 4437 incommutabili*
1230 4372 1432 4452 diffinitione,

182 4459 329 4545 generali
351 4458 484 4523 concilio
506 4459 705 4544 congregato
728 4457 880 4544 Lugduni
909 4461 1128 4546 approbante,
1157 4462 1330 4548 apostolice
1347 4459 1430 4540 sedi,

182 4549 280 4634 prout
303 4545 471 4633 spectabat
486 4546 535 4613 ad
556 4546 669 4633 ipsam,
694 4545 836 4639 ejusdem
858 4549 955 4635 regni
983 4549 1345 4636 dispositionescrvata
1360 4551 1434 4638 'pri-
