3464 5280
1352 575 1413 639 133

162 734 303 814 nomine,
326 734 422 799 titulo
445 755 502 798 seu
525 733 633 813 modo,
656 733 855 798 interrivos
879 755 935 798 seu
958 735 1101 798 mortuos
1123 733 1279 798 hactenus
1304 733 1412 819 adept’

162 827 240 888 sunt
261 824 314 888 νε]
335 822 433 888 dante
457 822 587 888 domino
609 821 695 886 idem
717 822 976 908 archiepiscopus
999 823 1051 887 vel
1074 845 1269 887 successores
1288 823 1338 888 sui
1354 844 1414 908 po·

161 914 272 978 terunt
294 913 330 976 in
352 914 517 997 posterum
541 911 683 996 adipisci,
706 912 746 976 de
769 912 885 996 quibus
908 933 967 996 per
988 915 1055 976 tres
1077 912 1130 976 νε]
1154 912 1231 977 ι]ιιοε
1246 915 1345 978 testes
1362 914 1413 977 νε]

159 1002 295 1080 litteras,
319 1002 426 1086 sigillo
450 1002 612 1066 autentico
635 1001 809 1086 sigillatas,
841 1002 961 1085 poterit
982 1002 1061 1066 fides
1084 1001 1169 1078 fieri,
1200 1002 1255 1066 sed
1287 1004 1319 1066 et
1348 1001 1412 1082 illa,

160 1113 222 1174 que
246 1090 323 1156 dieti
347 1091 603 1176 archiepiscopus
626 1090 678 1154 vel
701 1089 941 1174 predecessores
965 1091 1015 1154 sni
1037 1091 1090 1154 νε]
1113 1089 1169 1155 alii
1191 1090 1336 1176 ipsorum
1351 1111 1412 1154 no·

159 1180 247 1244 mine
269 1182 448 1244 tenuerunt
471 1203 490 1244 a
512 1182 666 1264 tempore,
689 1182 779 1264 cujus
802 1201 870 1244 non
893 1183 982 1244 extat
1004 1180 1172 1256 memoria,
1203 1201 1262 1243 nec
1290 1201 1356 1244 non
1380 1183 1414 1244 et

158 1269 331 1354 privilegia
354 1269 471 1348 omnia,
495 1269 686 1334 donationes
710 1272 743 1333 et
764 1269 931 1348 libertates
954 1268 1097 1354 predicte
1122 1268 1251 1333 ecclesie
1267 1268 1411 1333 Ebredn-
1453 1266 1459 1280 '

158 1358 254 1422 nensi
286 1379 322 1422 ac
344 1357 620 1441 predecessoribus
653 1358 754 1443 ipsius
785 1358 1016 1442 archiepiscopi
1044 1358 1205 1422 anostris
1227 1361 1411 1422 antecesso-

157 1447 256 1526 ribus,
279 1447 525 1532 imperatoribus
550 1470 606 1512 seu
626 1447 766 1532 regibus,
783 1447 834 1512 vel
850 1448 890 1512 ab
907 1447 978 1511 aliis
994 1448 1246 1531 quibuscumque
1262 1467 1411 1512 concessa

158 1537 211 1600 vel
234 1536 349 1620 quibus
365 1536 528 1621 hucusque
552 1536 603 1600 usi
625 1539 709 1601 sunt.
742 1537 880 1621 Insuper
899 1559 1023 1600 merum
1039 1539 1073 1600 et
1087 1536 1224 1600 mixtum
1239 1536 1411 1620 imperium

159 1628 192 1689 et
202 1624 460 1708 jurisdictionem
475 1625 701 1703 omnimodam,
718 1625 879 1710 adempra,
896 1627 1027 1710 quietas,
1044 1626 1151 1690 tallias
1167 1625 1219 1689 vel
1229 1625 1410 1690 exactiones

157 1716 327 1779 consuetas
349 1713 402 1778 νε]
425 1737 487 1799 que
512 1714 550 1778 de
571 1715 643 1798 jure
667 1715 736 1778 fieri
759 1717 893 1801 possent
915 1715 951 1778 in
975 1715 1094 1778 eisdem
1117 1715 1194 1779 locis
1209 1715 1262 1778 νε]
1276 1735 1335 1802 per
1350 1735 1409 1780 nos

156 1803 210 1867 νε]
231 1803 271 1866 ι]ε
295 1803 427 1888 speciali
448 1803 601 1867 mandato
631 1806 741 1868 nostro
770 1805 822 1868 vel
850 1826 929 1888 quas
953 1804 1055 1869 dictus
1080 1803 1336 1887 archiepiscopus
1359 1804 1410 1867 νε]

156 1913 352 1957 successores
376 1892 425 1956 sui
448 1893 639 1958 necessitate
662 1892 714 1956 νε]
738 1893 879 1957 utilitate
903 1916 961 1957 sua
984 1892 1036 1957 νε]
1053 1893 1183 1958 ecclesie
1200 1915 1255 1957 sue
1272 1895 1410 1977 pensata

155 1980 324 2045 voluerint.
355 1981 493 2046 Demum
517 1982 625 2046 omnia
649 1982 726 2060 alia,
751 1982 791 2046 ad
814 1982 974 2067 predictos
1003 1981 1225 2067 quoquomodo
1240 2003 1334 2045 nunc
1357 1982 1410 2046 vel

153 2070 190 2134 in
212 2072 377 2154 posterum
400 2072 589 2155 spectantia,
614 2071 717 2134 eidem
746 2071 985 2156 archiepiscopo
1016 2093 1052 2136 ac
1082 2071 1147 2136 suis
1177 2070 1408 2136 suecessoribus

152 2159 317 2237 habenda,
340 2158 549 2244 possidenda,
572 2159 730 2240 tenenda,
753 2160 912 2246 regenda,
936 2160 1155 2247 percipienda,
1178 2159 1327 2245 petenda,
1351 2158 1407 2224 de·

152 2247 324 2327 fendenda,
349 2249 536 2334 exequenda
560 2252 594 2314 et
616 2249 793 2314 exercenda
816 2272 875 2335 per
898 2271 932 2314 se
955 2251 1007 2315 vel
1037 2272 1096 2335 per
1126 2249 1225 2313 alium
1248 2271 1304 2314 seu
1328 2247 1407 2314 alios

152 2337 251 2421 pleno
276 2337 359 2420 jure,
389 2338 489 2402 libere
520 2341 554 2402 et
582 2339 699 2423 quiete,
730 2339 820 2404 nulla
850 2339 1080 2425 prescriptione
1103 2341 1251 2403 currente
1274 2338 1327 2403 νε]
1349 2338 1406 2403 ob-

151 2428 268 2504 stante,
293 2429 351 2490 aut
373 2428 471 2492 etiam
494 2449 554 2492 usu
576 2428 737 2492 contrario
760 2429 812 2492 vel
835 2451 903 2493 non
925 2451 993 2507 usu,
1017 2428 1050 2492 id
1075 2430 1124 2493 est
1147 2428 1232 2512 quod
1254 2427 1314 2492 hoc
1337 2427 1405 2512 pri-

150 2514 271 2600 vilegio
287 2537 362 2580 usus
379 2537 446 2581 non
465 2517 571 2596 fuerit,
595 2517 677 2602 sicut
692 2517 816 2597 melius,
840 2519 951 2583 utilius
967 2521 1000 2582 et
1014 2517 1143 2604 plenius
1168 2516 1208 2580 ad
1231 2516 1407 2582 utilitatem

150 2602 308 2669 dictorum
331 2603 565 2691 archiepiscopi
588 2609 621 2670 et
644 2606 774 2671 ecclesie
798 2609 832 2672 et
854 2627 1070 2672 successorum
1093 2628 1222 2673 suorum
1242 2604 1405 2684 declarari,

150 2695 270 2778 exponi
293 2715 350 2758 εει]
373 2694 516 2779 intelligi
538 2698 654 2779 potest,
677 2695 716 2760 de
732 2696 936 2781 providentia
958 2697 1085 2761 consilii
1103 2696 1206 2760 nostri
1222 2694 1405 2778 supradicta

147 2783 369 2866 ponderantes
392 2786 425 2847 et
447 2783 701 2863 considerantes,
725 2785 901 2850 liberaliter
924 2787 957 2849 et
979 2789 1068 2850 motu
1092 2784 1223 2870 proprio
1247 2782 1404 2849 donamur

148 2873 246 2955 atque
269 2871 472 2938 concedimus
496 2874 613 2957 etque
638 2877 735 2938 antea
757 2874 939 2939 habuerant
962 2897 1001 2960 ε]
1016 2877 1103 2939 certa
1126 2873 1269 2952 scientia,
1294 2876 1404 2937 aucto·

146 2960 249 3028 ritate,
268 2961 360 3046 regia
383 2961 616 3027 confirmamus.
654 2962 730 3027 Non
753 2964 955 3028 obstantibus
979 2965 1014 3027 in
1037 2963 1202 3048 premissis
1226 2962 1278 3026 vel
1299 2963 1403 3026 infra·

145 3052 279 3202 {tlt
297 3050 353 3202 tl
370 3051 1404 3227 &blaterantlitthalberstat&

145 3227 234 3290 mine
257 3248 309 3291 res
332 3228 383 3293 vel
406 3228 492 3292 bona
514 3228 659 3312 predicta
681 3229 877 3295 tenebantur
892 3232 944 3296 vel
959 3234 1114 3296 tenentur
1129 3231 1180 3296 νε]
1195 3230 1401 3308 tenebuntur,

145 3337 214 3379 non
237 3315 336 3380 fuerit
358 3316 488 3382 habitus
511 3318 563 3384 νε]
586 3319 684 3382 etiam
702 3319 883 3402 requisitus,
900 3321 953 3394 νε]
967 3321 1052 3404 quod
1067 3319 1200 3405 provide
1219 3341 1285 3383 non
1304 3319 1403 3384 fuerit

145 3404 257 3469 datum
279 3404 485 3471 laudismium
508 3428 565 3471 sen
587 3409 753 3472 treaenum
776 3408 828 3474 νε]
851 3431 927 3493 pars
958 3410 1055 3494 pretii
1086 3408 1161 3473 data
1191 3429 1248 3472 seu
1277 3408 1402 3473 reddita

144 3514 345 3578 quocumque
368 3495 500 3560 nomine
523 3497 691 3560 censeatur
713 3498 765 3561 νε]
789 3497 874 3582 quod
896 3499 954 3563 lite
977 3499 1140 3584 pendente
1165 3519 1221 3561 seu
1244 3496 1401 3562 discordia

142 3585 240 3661 mota,
264 3581 387 3648 dicatur
409 3584 468 3649 hoo
490 3584 698 3670 privilegium
720 3586 939 3671 impetratum,
961 3589 1012 3653 vel
1031 3588 1104 3672 jure
1135 3586 1276 3663 dicente,
1307 3585 1400 3671 quod,

142 3671 214 3736 sine
238 3693 395 3737 consensu
419 3672 620 3738 dominorum
643 3675 695 3739 νε]
717 3675 859 3755 ]]]ο]ι]]]],
884 3700 902 3742 ε
926 3677 1040 3762 quibus
1063 3697 1114 3740 res
1138 3677 1301 3755 tenentur,
1324 3697 1400 3760 pre·

142 3760 228 3824 dicta
252 3761 387 3826 alienari
409 3762 462 3826 νε]
484 3763 612 3828 onerari
634 3765 686 3827 νε]
701 3764 736 3828 in
752 3766 969 3849 potentiorem
992 3765 1161 3830 transferri
1183 3786 1250 3829 non
1274 3765 1401 3850 possint

142 3852 177 3914 et
192 3850 375 3934 specialiter
392 3850 462 3915 'illis
485 3851 621 3936 legibus,
644 3854 808 3939 rescriptis
824 3857 857 3919 et
872 3855 954 3920 sacri
970 3855 1086 3920 affatus
1104 3856 1137 3918 et
1152 3853 1398 3931 constitutionis,

142 3960 206 4024 que
229 3938 313 4016 dicit,
337 3938 422 4023 quod
445 3940 617 4026 privilegia
636 3943 786 4007 renovari
804 3943 951 4023 debeant,
968 3946 1001 4009 et
1017 3943 1214 4030 generaliter
1238 3942 1329 4007 omni
1346 3943 1398 4006 νε]

141 4027 251 4113 aliquo
270 4028 343 4112 jure
367 4029 515 4114 generali
537 4031 588 4095 vel
614 4030 753 4117 speciali,
777 4054 845 4114 usu,
869 4033 1100 4098 consuetudine
1120 4054 1176 4096 seu
1193 4032 1322 4109 statuto,
1346 4031 1397 4096 in-

140 4116 320 4203 dulgentia,
344 4116 502 4197 libcrtate,
525 4120 680 4205 rescripto
704 4121 803 4184 etiarn
825 4122 985 4206 imperiali
1016 4143 1071 4186 seu
1095 4121 1199 4207 regali
1222 4121 1273 4184 νε]
1296 4120 1398 4204 privi-

140 4206 237 4291 legio,
261 4205 448 4292 cuicumque
470 4208 522 4273 vel
545 4209 796 4294 quibuscumque
820 4212 989 4288 concessis,
1013 4209 1194 4294 impetratis
1218 4209 1270 4273 vel
1292 4209 1397 4295 impe·

140 4293 276 4373 trandis,
300 4296 447 4380 quamvis
470 4296 613 4382 deipsis
636 4298 810 4383 specialem
833 4302 866 4363 et
889 4320 1073 4386 expressam
1104 4299 1201 4363 etiam
1231 4298 1270 4362 de
1300 4299 1397 4362 verbo

96 4389 107 4409 '
141 4382 341 4450 adverbum
362 4385 399 4450 in
422 4386 629 4471 presentibus
653 4390 805 4471 oporteat
834 4389 905 4454 fieri
933 4388 1132 4453 mentionem
1155 4388 1323 4453 contrariis
1346 4387 1397 4452 νε]

140 4473 250 4558 aliquo
274 4473 346 4554 alio,
369 4497 429 4562 per
452 4475 538 4559 quod
557 4475 740 4560 supradicta
756 4477 808 4542 νε]
822 4477 1029 4562 infrascripta
1043 4479 1095 4542 νε]
1110 4478 1254 4563 ipsorum
1270 4477 1397 4562 aliquod

141 4562 178 4626 in
194 4564 307 4628 ¹totum
331 4563 382 4628 vel
405 4564 440 4628 in
465 4567 589 4651 partem
614 4565 752 4656 infringi
782 4567 832 4632 vel
861 4566 1016 4646 revocari,
1046 4565 1181 4646 differri,
1214 4566 1397 4658 perturbari
