3464 5280
274 496 336 560 144

271 655 393 739 quanto
416 654 575 720 structure
598 654 725 741 pondus
748 655 888 721 sustines
911 655 1086 741 amplioris,
1107 659 1200 721 tanto
1222 659 1255 722 te
1279 658 1370 723 decet
1392 658 1523 743 quanti·

270 742 338 807 tate
361 743 477 828 majori
498 744 534 808 in
557 744 705 810 omnibus
729 747 767 809 et
783 767 843 831 per
865 746 974 810 omnia
1003 745 1154 824 stabiliri,
1184 748 1222 810 ut
1250 769 1309 812 nec
1338 750 1434 812 nutes
1464 769 1524 813 nec

271 831 378 897 devies
402 856 421 898 a
443 833 635 898 rectitudine
658 835 707 899 tui
729 836 841 914 status,
864 857 906 899 ne
934 835 1076 920 dilapsus
1105 836 1141 900 in
1170 838 1297 921 partem
1326 837 1463 902 alteram
1486 858 1524 902 eo

271 943 346 986 ruas
369 922 592 1006 periculosius,
624 945 687 1010 quo
716 926 821 988 tecum
850 924 959 1009 plures
989 925 1134 990 traheres
1158 925 1198 991 ad
1221 927 1357 992 ruinam.
1402 928 1523 992 Verum

271 1010 312 1076 ad
330 1012 412 1096 justi
434 1012 556 1096 pariter
580 1015 612 1077 et
634 1012 763 1078 honesti
790 1013 984 1078 soliditatem
1013 1015 1186 1100 propositi,
1217 1019 1327 1100 preter
1355 1037 1523 1080 commune

270 1099 423 1179 debitum,
446 1123 509 1185 quo
532 1103 564 1166 te
588 1102 647 1166 deo
670 1103 879 1167 vehementer
902 1103 1088 1168 adstrictum
1110 1104 1276 1190 intelligis,
1299 1106 1390 1190 cujus
1409 1106 1446 1169 in
1460 1105 1522 1170 mi-

269 1189 396 1254 nisterii
414 1193 462 1254 tui
485 1193 586 1256 sortes
609 1195 739 1257 vocatus
761 1193 796 1256 in
820 1195 947 1276 partem
969 1193 1200 1273 sollicitudinis,
1224 1195 1326 1259 vicem
1349 1195 1446 1281 geris,
1470 1215 1522 1258 ac-

269 1279 431 1344 cumulata
453 1283 486 1344 te
506 1281 732 1346 nichilominus
757 1281 914 1346 beneficia
936 1283 1092 1368 obligant,
1116 1305 1177 1367 que
1200 1305 1272 1348 cum
1296 1285 1367 1348 aliis
1389 1283 1522 1369 prelatis

271 1367 463 1434 Alamannie
480 1393 499 1434 a
515 1370 589 1434 sede
608 1371 748 1436 nosceris
772 1371 948 1456 apostoliea
970 1373 1136 1456 recepisse,
1159 1373 1249 1457 cujus
1272 1374 1365 1459 larga
1387 1374 1521 1438 benivo-

269 1457 379 1539 lentia,
402 1459 600 1544 largitasque
623 1459 772 1526 benivola
794 1461 854 1525 tibi
878 1463 910 1524 et
932 1461 996 1526 illis
1019 1461 1175 1526 hactenus
1198 1484 1325 1548 semper
1348 1462 1456 1541 affuit,
1489 1463 1523 1526 11

270 1547 362 1632 quasi
384 1548 457 1612 fons
481 1549 667 1614 indeficiens
696 1550 786 1614 vobis
817 1553 850 1614 et
879 1551 994 1615 vestris
1024 1551 1163 1616 ecclesiis
1194 1553 1372 1637 gratiarum
1399 1552 1522 1616 fluenta

269 1637 515 1716 communicans,
539 1659 595 1703 vos
618 1639 771 1703 instruxit
793 1639 941 1720 consiliio,
964 1641 1127 1705 roboravit
1142 1641 1276 1723 auxiliis
1299 1641 1433 1707 vallavit
1447 1661 1521 1726 pre·

271 1725 359 1791 sidiis
391 1730 424 1791 et
452 1727 630 1814 privilegiis
660 1728 838 1793 honoravit.
892 1730 1022 1794 Justum
1039 1733 1103 1794 est
1132 1730 1234 1816 igitur
1264 1733 1296 1795 et
1326 1731 1521 1796 conveniens

270 1814 393 1899 pietati,
416 1819 453 1880 ut
476 1816 516 1882 ad
539 1822 676 1881 matrem
699 1818 812 1883 levetis
835 1818 942 1883 oculos
965 1819 1115 1899 universi,
1140 1823 1173 1884 et
1187 1841 1263 1884 cura
1279 1820 1429 1905 pervigili
1452 1821 1521 1883 stu-

270 1904 372 1970 deatis
396 1906 465 1990 ejus
489 1907 617 1972 obviare
640 1907 797 1991 periculis,
822 1930 893 1992 quc,
917 1909 945 1972 si.
967 1932 1025 1972 sua
1047 1911 1099 1973 vel
1121 1911 1228 1974 vestra
1252 1909 1439 1987 dixerimus,
1464 1931 1521 1972 sua

269 1994 379 2058 tamen
408 1996 526 2060 rectius
556 1996 695 2061 dicemus
725 2000 757 2061 et
786 2000 893 2061 vestra
923 2020 994 2062 cuni
1024 1998 1152 2063 dolente
1183 1998 1286 2083 capite
1317 2021 1384 2063 non
1414 1999 1457 2063 sit
1484 1997 1520 2061 in

269 2085 421 2149 membris
454 2085 593 2165 sanitas,
632 2109 692 2150 nec
723 2087 877 2150 maternis
910 2087 1000 2151 infixi
1031 2087 1222 2166 1111111111,
1261 2090 1363 2152 matre
1396 2087 1522 2172 possint

270 2173 430 2258 quiescere
468 2175 646 2240 laborante.
710 2175 859 2240 Ceterum
901 2178 1059 2260 quantum
1098 2177 1261 2242 eeclesiam
1299 2176 1520 2262 flagellaverit,

269 2266 427 2347 quantum
459 2265 661 2344 concusserit,
701 2267 779 2350 quot
810 2288 868 2349 pro
900 2265 993 2332 bonis
1025 2266 1055 2330 ei
1086 2268 1171 2332 mala
1202 2266 1377 2331 reddiderit
1408 2266 1520 2330 domus

268 2352 362 2439 impii
394 2353 555 2438 quondam
587 2354 754 2434 Fridcrici,
793 2355 869 2419 olim
901 2355 1118 2420 Romanorum
1150 2357 1370 2441 imperatoris,
1402 2355 1520 2420 nedum

269 2443 408 2507 ecclesiis
442 2447 475 2508 et
499 2444 706 2528 principibus
723 2445 933 2524 Alamannis,
968 2448 1081 2510 notum
1107 2447 1223 2525 existit,
1249 2445 1304 2510 sed
1337 2448 1370 2510 et
1400 2443 1521 2508 mundo

269 2534 384 2597 notum
414 2534 573 2604 universo,
619 2534 713 2600 Unde
740 2534 828 2618 justo
859 2534 1053 2619 dampnatus
1078 2536 1198 2622 judicio
1231 2538 1264 2600 et
1294 2539 1362 2600 tam
1394 2534 1521 2618 imperii

269 2643 366 2706 quam
397 2624 494 2710 regni
522 2621 625 2688 Sicilie
653 2623 725 2708 jure
757 2625 878 2709 pariter
909 2629 941 2688 et
978 2625 1098 2689 honore
1137 2627 1299 2710 privatus,
1337 2625 1422 2689 diem
1460 2624 1520 2688 mi-

270 2711 450 2777 serabiliter
472 2712 623 2778 claudens
649 2720 834 2794 extremum,
858 2714 914 2799 qui
938 2715 988 2778 sui
1013 2716 1144 2781 tenuem
1170 2715 1301 2799 reliquit
1325 2713 1520 2792 memoriam,

269 2822 341 2866 cum
364 2802 497 2868 sublatis
522 2802 667 2867 emedio
696 2804 784 2882 filiis,
810 2805 846 2868 in
871 2804 963 2867 domo
988 2805 1073 2868 tanti
1093 2805 1241 2883 nominis,
1265 2805 1359 2869 unica
1382 2803 1521 2868 scintilla

268 2893 469 2971 remanserit,
500 2893 595 2958 etatis
619 2892 741 2956 scilicet
764 2893 866 2957 adhuc
889 2895 1012 2972 tenere,
1043 2897 1226 2979 premature
1256 2895 1368 2958 tamen
1389 2892 1520 2970 malitie,

269 2983 365 3064 prout
395 2982 460 3048 fida
490 2983 646 3048 relatione
679 2982 853 3062 didicimus,
887 2982 1102 3063 Conradinus‚
1135 2986 1224 3069 cujus
1248 2983 1521 3070 congauderemus

268 3072 440 3155 profectui,
464 3073 492 3138 si
514 3074 580 3138 suis
603 3075 773 3138 contentus
792 3073 933 3158 juribus,
961 3074 1168 3158 reprobatum
1192 3096 1287 3138 avum
1310 3096 1368 3159 pro
1390 3072 1521 3151 meritis,

271 3162 373 3226 nollet
388 3162 423 3227 in
439 3163 504 3227 suis
520 3163 607 3228 vitiis
622 3163 744 3228 imitari
762 3186 822 3228 nec
845 3167 924 3228 ausu'
948 3165 1119 3229 temerario
1142 3165 1310 3228 moliretur
1332 3164 1521 3249 infringere,

270 3271 332 3333 que
355 3255 466 3318 contra
490 3253 746 3318 eundemavum
771 3254 920 3340 exigente
940 3254 1070 3337 justitia
1088 3255 1188 3319 felicis
1204 3253 1432 3318 recordationis
1448 3274 1521 3337 pre-

272 3342 417 3409 decessor
440 3346 550 3409 noster
567 3344 776 3409 Innocentius
799 3345 909 3409 multis
932 3345 1102 3429 conspecta
1125 3344 1231 3422 oculis
1257 3343 1364 3407 multis
1387 3364 1522 3427 conpro-

271 3431 348 3498 bata
371 3434 532 3513 sensibus,
563 3434 763 3519 approbante
793 3457 882 3500 sacro
911 3434 1043 3499 concilio
1074 3433 1237 3498 diffinivit.
1280 3431 1341 3497 Sed
1359 3432 1430 3515 jam
1454 3452 1522 3496 ecce
1555 3456 1558 3463 ·

269 3523 377 3609 prodit
396 3524 431 3589 in
454 3524 616 3608 publicum
639 3546 706 3589 non
729 3524 893 3588 transfusa
915 3546 986 3588 cum
1011 3523 1132 3588 semine
1155 3521 1257 3607 patris
1280 3522 1443 3606 iniquitas,
1467 3519 1522 3586 sed

270 3613 355 3678 avite
378 3613 484 3698 potius
509 3615 631 3679 ambitu
655 3612 898 3700 magnitudinis,
922 3614 1011 3698 cujus
1036 3613 1065 3677 ei
1084 3635 1159 3697 sepe
1178 3613 1332 3676 memoria
1347 3611 1522 3687 refricatur,

271 3701 312 3766 ad
334 3705 486 3789 nepotem
508 3704 721 3788 improvidum
745 3707 865 3768 temere
888 3705 1071 3789 propagata
1094 3703 1201 3786 sicque
1225 3703 1362 3766 multum
1387 3720 1521 3786 prepro-

270 3814 346 3877 pere
370 3793 510 3859 tumidus
543 3794 726 3859 adolescens
745 3794 815 3876 jam
838 3815 872 3858 se
896 3793 1006 3858 scribit
1028 3813 1140 3878 regem
1162 3789 1281 3870 Sicilie,
1313 3793 1439 3855 etcum
1463 3787 1521 3854 ali·

203 3913 206 3918 ·
270 3883 385 3968 quibus
415 3884 553 3950 inimicis
583 3884 728 3962 ecclesie,
758 3882 961 3961 Lombardis,
988 3881 1183 3947 Marchianis
1206 3881 1383 3958 11111111,
1409 3878 1521 3966 Apulis

270 3973 368 4039 etiam
391 3976 487 4059 atque
510 3972 611 4038 Sicilis
634 3972 847 4038 fraudulentis
871 3995 904 4037 se
928 3970 1123 4036 commerciis
1146 3970 1304 4056 implicat,
1328 3973 1522 4054 potestatem

271 4064 399 4129 ecclesie
422 4085 489 4129 non
512 4063 727 4140 considerans,
751 4084 812 4146 que
836 4061 917 4125 sicut
940 4083 1034 4126 avum
1058 4061 1126 4144 ejus
1150 4060 1285 4125 nudavit
1307 4059 1440 4144 imperio
1457 4058 1522 4124 suis

271 4153 475 4239 exigentibus
498 4153 621 4219 meritis
646 4156 742 4237 atque
765 4172 868 4237 regno
891 4148 1003 4230 Sicilie,
1027 4149 1072 4214 sic
1095 4152 1128 4214 11
1151 4172 1225 4214 eum
1242 4149 1318 4234 jure
1342 4171 1378 4212 ac
1400 4148 1522 4213 honore

270 4242 365 4327 regni
388 4243 645 4309 Jerosolimitani
668 4241 801 4326 aliisque
826 4239 1053 4326 dignitatibuS,
1077 4238 1169 4303 bonis
1193 4241 1227 4303 et
1244 4237 1386 4323 juribus,
1410 4237 1437 4302 si
1461 4259 1522 4322 que

269 4329 376 4410 habet,
399 4331 525 4416 privare
548 4332 677 4417 poterit,
700 4331 764 4397 nisi
787 4329 848 4395 sibi
871 4328 1004 4393 consilio
1035 4327 1160 4392 meliori
1189 4327 1357 4412 provideat
1384 4330 1416 4392 et
1439 4325 1523 4390 sedis

270 4421 441 4506 apostolice
470 4421 680 4506 beneplacitis
707 4443 741 4485 se
764 4420 900 4503 coaptet.
944 4418 1043 4483 Porro
1073 4439 1140 4481 non
1170 4418 1240 4482 sine
1271 4439 1393 4503 magna
1420 4415 1523 4480 cordis

271 4509 484 4577 amaritudine
507 4533 611 4596 nuper
634 4509 820 4596 accepimus,
845 4507 930 4591 quod
952 4506 1078 4572 nonulli
1108 4529 1147 4570 ex
1176 4505 1239 4571 hiis
1268 4505 1467 4592 principibus
1491 4507 1524 4570 et
