3464 5280
1360 513 1421 574 131

166 687 244 750 tans
268 686 326 748 etc.
351 705 452 768 usque
476 680 661 766 deputando
685 678 769 744 viros
793 678 917 742 nobiles
941 675 1075 740 diversis
1099 673 1223 738 meritis
1246 671 1424 758 precellen-

166 776 230 852 tes,
262 774 319 859 qui
349 772 437 838 sanis
469 774 526 836 etc.
557 770 663 835 verbis
693 770 913 853 competenter
943 765 1077 829 mutatis
1110 785 1211 847 usque
1244 762 1425 826 animarum

166 865 347 928 vestrarum
369 861 536 926 humiliter
559 858 738 923 intendatis
762 860 820 922 etc.
843 877 945 941 usque
968 852 1176 931 observando,
1208 853 1256 916 ita
1279 850 1364 936 quod
1387 850 1424 914 in

166 952 257 1018 vobis
282 951 462 1016 devotionis
485 949 666 1034 repperisse
689 947 772 1012 filios
796 945 858 1010 sibi
880 946 1026 1010 vertatur
1048 943 1085 1006 in
1108 941 1279 1028 gaudium,
1312 941 1345 1005 et
1367 960 1423 1004 vos

166 1042 203 1106 in
226 1062 264 1106 eo
287 1043 414 1126 patrem
436 1040 584 1105 habeatis
608 1038 735 1103 assidue
759 1036 947 1122 gratiosum.
994 1033 1115 1097 Datum
1137 1034 1175 1096 ut
1198 1052 1303 1116 supra.

256 1132 297 1195 In
329 1130 441 1195 eodem
472 1129 566 1193 modo
600 1128 762 1192 nobilibus
793 1125 872 1190 viris
904 1123 1064 1189 universis
1095 1120 1361 1186 ministerialibus
1392 1120 1425 1182 et

166 1221 315 1287 vassallis
337 1218 537 1284 Coloniensis
561 1217 700 1282 ecclesie.
738 1217 896 1280 Plantans
924 1216 982 1283 etc,
1005 1234 1106 1297 usque
1131 1210 1316 1295 deputando
1339 1209 1425 1274 viros

167 1310 292 1376 nobiles
324 1309 459 1374 diversis
491 1307 615 1372 meritis
645 1305 871 1391 precellentes,
903 1304 959 1389 qui
989 1303 1076 1367 sanis
1107 1304 1165 1366 etc.
1195 1303 1233 1364 ut
1264 1299 1427 1383 inprime

167 1400 274 1464 verbis
306 1400 526 1483 competenter
558 1397 691 1461 mutatis
725 1417 826 1479 usque
859 1394 1014 1457 honorem
1045 1391 1083 1469 ei,
1121 1394 1288 1475 tamquam
1319 1390 1427 1453 vestro

168 1489 299 1554 domino
312 1488 492 1572 temporali,
512 1486 700 1572 homagium
716 1486 749 1548 et
760 1486 983 1570 juramentum
1001 1481 1166 1546 fidelitatis
1182 1479 1289 1544 debite
1306 1478 1426 1562 absque
1515 1481 1520 1488 '

168 1579 358 1643 difficultate
382 1577 526 1662 qualibet
548 1575 758 1660 impendatis,
788 1573 890 1658 ipsius
914 1572 1022 1636 debita
1045 1570 1199 1636 mandata
1223 1566 1426 1652 suscipiendo

169 1667 284 1732 devote
315 1689 352 1733 ac
381 1667 548 1731 humiliter
571 1664 778 1732 observande.
827 1662 982 1747 Alioquin
1006 1660 1211 1738 sententiam,
1236 1681 1334 1743 quam
1356 1657 1427 1741 ipse

169 1761 303 1843 propter
325 1758 386 1822 hoc
407 1757 470 1820 rite
493 1756 607 1821 tulerit
629 1755 664 1819 in
694 1754 831 1819 rebelles
855 1755 889 1817 et
912 1773 1039 1835 penam,
1063 1752 1114 1815 cui
1138 1748 1361 1833 temporaliter
1391 1766 1428 1810 ac

169 1847 277 1912 debite
309 1847 479 1912 submittet
510 1847 654 1924 eosdem,
686 1846 775 1910 ratas
807 1843 997 1907 habebimus
1030 1844 1088 1906 etc.
1121 1863 1222 1925 usque
1256 1838 1428 1903 observari.

170 1938 292 2003 Datum
315 1939 352 2001 ut
374 1959 481 2020 supra.

774 2150 824 2214 11.

264 2296 416 2361 Urbanus
430 2295 494 2362 IV.
518 2295 686 2378 coufirmat
706 2292 796 2358 choto
820 2293 1045 2358 Ebreduaeasa'
1068 2292 1251 2356 donationes
1264 2275 1304 2355 'et
1322 2284 1427 2374 privi-

169 2404 271 2489 lepe'c,
296 2404 393 2487 facta
414 2425 436 2468 a
467 2402 621 2467 Wallelmo
653 2422 725 2486 repe
755 2403 988 2468 Romanorum.
1020 2401 1059 2483 css.
1092 2397 1152 2463 Nr.
1182 2401 1259 2466 213.
1304 2395 1430 2480 Apud

177 2510 324 2578 Urbem
345 2517 536 2592 ceterae,
558 2511 664 2578 1263
686 2510 802 2577 neor.
826 2510 891 2576 13.

261 2653 369 2717 Electo
392 2654 624 2718 Ebredunensi.
676 2652 815 2718 Ecclesie
845 2655 900 2716 tue
923 2651 1119 2736 profectibus
1143 2650 1288 2735 paternis
1312 2650 1426 2717 studiis

171 2742 396 2821 intendentes,
427 2743 509 2807 circa
541 2744 777 2827 promotionem
807 2764 917 2806 eorum
947 2762 984 2805 eo
1015 2739 1170 2805 libentius
1204 2742 1237 2804 et
1269 2740 1428 2806 efficacius

89 2885 90 2888 ,
171 2854 304 2916 operam
326 2832 539 2916 impertimur,
563 2855 626 2916 quo
642 2853 815 2916 personam
831 2836 921 2895 tuam
936 2830 1051 2913 majori
1074 2830 1298 2915 prosequimur
1321 2829 1429 2917 gratia

171 2921 325 2985 caritatis.
373 2921 453 2986 Cum
476 2922 564 2985 enirn
588 2921 739 3007 gratiosis
755 2923 820 2986 tuis
841 2920 1046 3006 exigentibus
1069 2919 1194 2983 meritis
1219 2921 1430 3004 apostolicum

171 3011 316 3074 favorem
336 3011 400 3086 ⁸tibi
422 3010 645 3094 multipliciter
667 3011 852 3076 vendicasse
877 3009 1019 3074 noscaris
1043 3013 1077 3072 et
1100 3009 1179 3073 alias
1201 3009 1239 3073 in
1258 3011 1431 3094 conspectu

172 3101 286 3164 nostro
310 3100 583 3185 quamplurimum
605 3100 754 3165 habearis
779 3101 942 3183 acceptus,
966 3098 1141 3182 pet‘tiones
1164 3101 1237 3163 tuas
1261 3100 1431 3184 gratanter

173 3189 214 3254 ad
238 3190 380 3274 gratiam
403 3189 618 3254 exauditionis
643 3190 851 3268 admittimus,
875 3189 1046 3273 presertim
1064 3189 1145 3267 illas,
1169 3211 1231 3272 que
1250 3188 1382 3253 honoris
1399 3189 1432 3252 et

173 3279 332 3344 commodi
354 3280 402 3343 tui
426 3282 459 3343 et
482 3279 625 3361 ejusdem
649 3279 779 3344 ecclesie
802 3279 980 3363 respiciunt
1002 3279 1245 3343 incrementum.
1291 3276 1375 3343 Sane
1395 3278 1431 3341 in

172 3371 286 3433 nostra
308 3368 505 3454 proposuisti
527 3369 692 3453 presentia
716 3369 924 3446 constitutus,
957 3369 1041 3452 quod
1064 3369 1148 3433 clare
1172 3367 1323 3432 memorie
1347 3367 1430 3434 Wil-

173 3458 298 3537 lelmus,
322 3481 379 3521 rex
401 3457 627 3535 Romanorum,
652 3459 825 3522 attendens
848 3459 943 3542 grata
966 3458 1127 3542 obsequia,
1152 3480 1213 3542 que
1237 3456 1431 3534 venerabilis

172 3548 276 3611 frater
307 3549 425 3624 noster,
459 3548 617 3611 Henricus
651 3547 811 3612 Ostiensis
845 3548 1031 3631 episcopus,
1063 3549 1141 3612 tunc
1174 3547 1458 3630 archiepiscopus,

173 3636 422 3714 Ebredunensis,
448 3639 630 3701 antecessor
653 3639 736 3714 tuus,
761 3637 796 3700 in
820 3637 886 3700 suis
903 3639 935 3700 et
950 3635 1078 3720 imperii
1093 3636 1234 3721 negotiis
1255 3635 1432 3720 prudenter

174 3727 208 3788 et
230 3709 368 3788 iideliter
390 3725 607 3810 impendebat,
626 3725 790 3789 civitatem
813 3725 1085 3804 Ebredunensem,
1109 3728 1222 3804 castra,
1246 3725 1348 3803 villas,
1372 3747 1431 3810 op-

174 3812 259 3898 pida,
283 3815 510 3898 possessiones
535 3814 640 3893 feuda,
664 3814 804 3893 servitia,
828 3837 951 3892 census,
975 3816 1162 3899 pensiones,
1183 3815 1336 3899 justitias,
1359 3813 1431 3879 lau·

176 3903 301 3982 dismia‚
324 3904 479 3989 pedagia,
503 3904 669 3981 tholonea,
691 3904 780 3987 jura,
805 3903 947 3968 dominia
972 3908 1004 3968 et
1027 3905 1120 3989 quasi
1143 3904 1286 3969 dominia
1309 3906 1431 3970 cetera·

175 4014 238 4077 que
261 3993 348 4057 bona
370 3993 548 4078 corporalia
571 3995 605 4056 et
627 3993 841 4078 incorporalia
864 4016 936 4058 cum
960 3987 1109 4059 omnibus
1132 3994 1340 4079 pertinentiis
1356 3995 1431 4073 suis,

175 4104 237 4166 que
261 4080 348 4145 idem
370 4082 702 4166 archiepiscopus'vel
725 4083 775 4147 sui
797 4083 1037 4166 predecessores
1059 4083 1095 4148 in
1110 4083 1341 4160 Ebredunensi,
1365 4087 1432 4151 Va-

174 4171 323 4255 pincensi
346 4174 380 4234 et
394 4171 586 4236 Taurineusi
609 4171 796 4248 diocesibus,
820 4195 1018 4257 quocumque
1034 4174 1128 4238 modo
1144 4174 1196 4238 vel
1212 4173 1307 4237 titulo
1324 4172 1433 4259 adepti

174 4261 314 4338 fuerant,
337 4260 389 4324 vel
411 4283 473 4345 que
497 4260 599 4324 dictus
623 4260 879 4345 archiepiscopus
910 4265 943 4325 et
973 4285 1168 4327 successores
1200 4263 1278 4345 ejus,
1299 4264 1434 4346 possent

174 4349 209 4412 in
233 4351 399 4433 posterum
423 4349 565 4434 adipisci,
588 4371 649 4413 nec
672 4371 738 4412 non
761 4349 948 4436 privilegia,
980 4350 1170 4416 donationes
1203 4354 1237 4414 et
1265 4351 1432 4416 libertates

174 4437 415 4503 Ebredunensis
448 4439 593 4516 ecclesie,
625 4461 661 4502 ac
690 4437 967 4522 predecessoribus
998 4440 1099 4525 ipsius
1131 4440 1362 4524 archiepiscopi
1393 4439 1433 4503 ab

176 4529 431 4594 antecessoribus
454 4528 531 4593 dicti
553 4528 650 4613 regis,
674 4527 921 4612 imperatoribus
945 4552 1001 4594 seu
1024 4529 1165 4616 regibus,
1189 4531 1241 4594 vel
1264 4528 1335 4593 aliis
1359 4529 1431 4613 qui·

1237 4633 1272 4692 9*
