3438 5276
1365 525 1444 606 1587

176 687 247 752 acto
269 687 451 766 novissime,
473 686 510 754 in
532 685 645 751 eadem
668 685 864 754 Viterbiensi
887 685 1033 765 ecclesia,
1056 684 1262 752 multitudine
1284 684 1331 751 ibi
1352 705 1428 770 pre·
1476 727 1478 730 -

174 777 267 841 sente
289 775 439 854 fidelium,
463 775 567 842 eidem
583 774 765 842 Conradino
780 776 964 861 ingressum
979 774 1072 842 Italie
1087 776 1267 842 curavimus
1282 773 1428 840 inhibere

174 864 359 944 ᾶιιιιιοιιιιι,
384 887 421 930 ιο
443 868 555 930 tamen
579 866 676 942 salvo,
699 864 799 951 quod,
823 865 851 931 si
872 865 912 930 ad
941 867 1085 930 nostram
1114 864 1313 948 presentiam
1341 863 1428 931 infra

172 953 356 1033 terminum,
380 976 476 1039 quem
499 954 540 1020 ad
561 954 622 1020 hoc
643 955 705 1020 sibi
726 954 925 1033 duxeramus,
947 956 985 1019 ut
1005 953 1188 1040 predicitur,
1203 953 1428 1040 prefigendum

173 1043 388 1129 personaliter
411 1045 444 1108 et
465 1044 595 1128 pacifice
618 1045 729 1109 venire
752 1043 858 1124 vellet,
873 1043 1033 1110 mandatis
1056 1043 1238 1128 apostolicis
1254 1044 1427 1128 pariturus,

174 1135 208 1197 ct
230 1153 328 1216 super
350 1131 411 1198 hoc
432 1153 492 1198 ιιοι
515 1133 763 1217 precertificeret
783 1136 929 1218 tempore
952 1136 1126 1218 oportuno,
1157 1133 1203 1198 ita
1226 1132 1426 1198 studeremus

172 1221 342 1307 providere
365 1223 506 1309 negotio,
530 1222 614 1306 quod
638 1243 766 1288 securus
785 1221 889 1287 eidem
905 1244 941 1288 ac
955 1224 1074 1288 nostris
1089 1224 1122 1286 et
1137 1222 1266 1288 ecclesie
1281 1221 1428 1288 fidelibus

172 1313 415 1396 nonsuspectus
426 1311 584 1377 adsedem
599 1311 735 1377 eandem
744 1313 873 1398 pateret
881 1333 1032 1378 accessus.
1056 1310 1146 1391 Quod
1160 1311 1294 1376 sialiter
1316 1313 1427 1376 contra

173 1399 362 1465 mandatum
391 1403 538 1466 nostrum
570 1405 604 1465 et
632 1400 716 1466 sedis
746 1401 864 1486 ipsius,
894 1399 1119 1466 Lomhardiem
1140 1401 1192 1466 vel
1215 1401 1294 1465 alias
1317 1403 1427 1485 partes

172 1489 265 1554 Italic
288 1489 410 1555 intrare
433 1489 486 1555 vel
508 1490 726 1576 capitaneum,
749 1493 805 1555 aut
826 1490 975 1556 militiam
998 1511 1053 1556 seu
1075 1490 1171 1556 aliam
1194 1511 1425 1574 quamcumque
1449 1569 1453 1580 Ι

172 1580 306 1663 gentem
335 1578 411 1643 illuc
440 1579 601 1645 destinare
631 1582 858 1665 presumeret,
874 1601 934 1645 nos
965 1582 1033 1646 tam
1060 1579 1168 1665 ipsum
1200 1577 1441 1660 Conradinum¹

171 1689 268 1752 quam
290 1689 401 1733 omnes
423 1667 504 1747 illos,
527 1669 584 1754 qui
606 1691 686 1736 cum·
701 1691 738 1735 eo
761 1670 912 1735 venirent
939 1668 1048 1734 taliter
1077 1668 1129 1734 vel
1158 1690 1217 1754 pro
1246 1666 1333 1754 ipso,
1365 1690 1426 1736 nec

170 1778 239 1821 non
262 1759 295 1822 et
318 1777 429 1822 omnes
451 1757 541 1837 illos,
568 1759 628 1843 qui
658 1781 731 1824 eum
754 1761 810 1824 aut
831 1759 1000 1824 venientes
1022 1780 1083 1843 pro
1107 1779 1144 1823 eo
1166 1757 1348 1844 reciperent
1368 1779 1425 1824 seu

171 1845 211 1909 ad
233 1845 377 1930 ipsorum
399 1846 572 1912 adventum
595 1848 647 1912 vel
668 1847 840 1914 transitum
863 1849 908 1914 eis
926 1869 1034 1934 perse
1050 1847 1176 1933 velper
1189 1847 1288 1914 alium
1311 1845 1426 1916 darent

171 1935 347 2016 consilium,
370 1936 523 2001 auxilium
539 1938 591 2003 vel
613 1939 757 2003 favorem
779 1937 942 2022 publicum
964 1937 1016 2004 vel
1038 1937 1204 2014 occultum,
1228 1939 1345 2002 extunc
1368 1959 1424 2004 ex-

171 2024 465 2090 communicationis
479 2023 653 2092 ¹sententia
668 2026 829 2092 ,duximus
858 2025 1068 2092 innodandos
1093 2023 1171 2091 Cum
1202 2029 1310 2090 autem
1338 2025 1424 2092 idem

172 2111 372 2180 Conradinus
381 2115 525 2199 prefatas
540 2119 666 2182 nostras
675 2115 899 2194 inhibitiones,
916 2115 1180 2181 comminationes
1197 2118 1229 2181 et
1245 2116 1423 2182 sententias

169 2203 436 2288 contempnenda
458 2226 527 2269 non
549 2205 651 2270 solum
674 2229 694 2270 ι
716 2205 882 2290 predictis,
916 2205 977 2272 sibi
999 2208 1066 2270 tam
1089 2204 1423 2290 sollempniter,tsm

168 2291 340 2358 manifeste
363 2315 399 2358 ιο
421 2295 538 2358 ιοιιοιι
561 2293 732 2380 prohibitis
762 2295 922 2362 abstinere
952 2294 1196 2378 contempserit,
1226 2315 1261 2359 se
1283 2226 1423 2359 falso·am
1386 2316 1424 2360 ao

166 2384 305 2446 temere
312 2382 455 2467 gerendo
477 2404 535 2468 pro
557 2405 636 2469 rege
651 2382 763 2462 Sicilie,
786 2384 906 2450 utendo
928 2384 1043 2470 sigillo,
1065 2383 1284 2450 intitulatione
1307 2403 1344 2448 ιο
1366 2382 1423 2448 de·

168 2472 390 2536 nominatione
405 2472 587 2557 premissis,
611 2476 644 2538 et
665 2495 736 2538 cum
751 2474 1008 2576 persecutoribus
1023 2473 1152 2538 ecclesie
1167 2472 1305 2558 caragis
1318 2469 1422 2538 Sicilie

168 2560 384 2662 predictorum
406 2582 440 2624 se
462 2560 498 2626 in
521 2561 651 2628 dirersis
673 2562 786 2628 mundi
808 2561 979 2648 partibus'
964 2585 1006 2628 ιιι
1029 2561 1212 2628 eorumdem
1236 2560 1364 2627 ecclesie
1387 2583 1424 2628 ac

166 2650 255 2735 regis
278 2649 490 2735 prejudicium
508 2653 541 2716 et
556 2652 679 2735 pacifici
701 2653 767 2718 stat
768 2674 804 2717 us
826 2651 919 2718 Italic
942 2651 1167 2730 turbationem,
1190 2651 1286 2717 variis
1309 2650 1422 2717 faotio-

167 2738 264 2804 nibus
286 2738 488 2825 implicando,
510 2761 621 2806 verum
645 2741 743 2806 etiam
765 2734 965 2826 contemptui
987 2743 1208 2844 contemptum
1223 2739 1423 2806 accumulans

167 2829 201 2892 et
223 2850 297 2894 suos
319 2850 435 2915 graves
459 2851 602 2896 excessus
620 2830 819 2917 gravioribus
834 2851 1025 2917 aggravans,
1047 2831 1084 2896 in
1098 2831 1224 2896 tantam
1238 2828 1422 2915 proruperit

166 2919 278 3003 aperte
307 2919 560 3004 presumptionis
589 2919 766 2998 audaciam,
796 2921 880 3005 quod
911 2923 1131 2988 Veronensem
1160 2918 1322 2986 civitatem
1350 2940 1422 2986 oum

165 3006 302 3085 militia,
316 3007 423 3092 elapso
447 3006 565 3073 dudum
588 3008 670 3074 dicte
637 3009 784 3074 tcitst
761 3010 858 3074 tronis
888 3009 1057 3088 termino,-
1068 3009 1197 3074 intrare
1221 3008 1421 3111 presumpsit,

166 3117 213 3161 se.
223 3096 310 3161 ultra
332 3096 414 3161 velle
437 3097 590 3183 progredi
612 3097 810 3165 comminans
825 3101 859 3164 et
876 3098 916 3164 ad
938 3099 1035 3184 regui
1058 3096 1231 3182 ejusdem
1221 3097 1437 3164 invasionem¹

164 3185 335 3250 intendere
357 3185 454 3250 nimis
477 3190 719 3271 presumptuose
749 3189 963 3272 proclamans,
987 3209 1063 3253 nos
1075 3186 1184 3253 dehita
1211 3185 1420 3253 meditatione

165 3277 350 3360 pensantes,
374 3274 458 3358 quod
480 3275 655 3360 impunitas
677 3299 788 3342 ausum
810 3277 913 3363 parit,
936 3299 1029 3342 ausus
1052 3298 1228 3355 excessum,
1251 3297 1288 3341 ιο
1308 3275 1420 3342 inten-

157 3362 279 3428 dentes
295 3363 424 3428 ausibus
447 3365 515 3449 ejus
537 3368 604 3430 tam
627 3367 778 3452 gravibus
801 3366 981 3432 antidotum
1004 3365 1110 3433 debite
1132 3365 1339 3451 repremionis
1362 3387 1420 3449 op·

163 3474 285 3537 ponere
299 3505 301 3512 ,
314 3453 532 3539 condigneque
562 3456 781 3541 castigationis
811 3477 928 3540 penam
957 3456 1022 3521 suis
1052 3455 1246 3520 excessibus·
1260 3453 1420 3533 adhibere,

164 3542 341 3626 presertim,
364 3563 436 3606 cum
459 3564 498 3608 ex
520 3545 682 3627 premissis
705 3544 825 3629 liquido
840 3547 959 3629 pateat,
983 3544 1067 3631 quod
1082 3545 1118 3610 in
1134 3565 1171 3610 eo
1187 3543 1310 3610 malitia
1325 3543 1420 3608 etatis

163 3632 319 3697 terminos
341 3653 408 3696 non
430 3631 532 3697 solum
555 3634 713 3718 prevenit,
736 3634 791 3700 sed
814 3632 946 3712 excedit,
970 3634 1106 3700 eundem
1123 3631 1338 3701 (lonradinum
1359 3654 1419 3717 pro

164 3742 221 3798 eo,
247 3720 332 3806 quod
360 3743 428 3785 non
457 3722 559 3788 solum
582 3745 601 3788 a
621 3723 791 3809 prohibitis
820 3722 882 3787 sibi
910 3744 979 3788 non
1006 3722 1188 3801 abstinens,
1219 3722 1275 3789 sed
1302 3722 1419 3788 similia

162 3809 261 3876 immo
283 3809 443 3896 prioribus
467 3811 564 3876 etiam
586 3812 684 3899 longe
708 3812 819 3897 pejora
841 3813 1058 3891 committeus,
1081 3811 1307 3892 inhibitiones,
1331 3833 1416 3878 com-
1442 3887 1450 3898 ,ᾗ

162 3899 413 3966 minationeset
427 3901 605 3966 sententias
627 3901 1034 3988 predictascontempnere
1057 3923 1124 3967 non
1147 3902 1284 3987 expavit,
1308 3905 1420 3968 contre

164 4011 216 4056 eas
232 3989 391 4054 taliter‘et
405 3989 483 4054 alias
502 3990 599 4056 etiam
621 3991 843 4076 multipliciter
864 3991 1032 4070 veniendo,
1047 3992 1136 4060 ,siout
1158 3991 1235 4056 facti
1257 3990 1435 4070 evidentiav

163 4079 319 4163 publicat,
344 4082 377 4142 et
399 4080 575 4144 communis
589 4081 714 4146 «notitia
736 4080 861 4165 publice
883 4080 1222 4166 protestatur,-ipsum
1245 4079 1284 4144 de
1308 4079 1418 4164 predi·

162 4170 285 4234 ctorum
314 4168 449 4233 fratrum
478 4169 610 4234 consilio
639 4168 865 4236 denuntiamus
894 4170 992 4236 latam
1021 4169 1057 4234 ιιι
1088 4191 1160 4234 eum
1189 4169 1259 4254 per
1277 4190 1351 4248 nos,
1381 4173 1419 4234 ut
1449 4215 1452 4220 -

161 4257 368 4342 premittitur,
385 4259 717 4326 excommunicationis
732 4258 927 4324 sententiam
941 4257 1111 4326 incurrisse
1127 4258 1166 4322 de
1181 4279 1266 4323 novo
1280 4257 1417 4324 nichilo·

162 4347 269 4411 minus
304 4367 344 4412 ex
378 4345 512 4412 eisdem.
533 4348 633 4413 causis
646 4391 650 4398 ·
663 4347 974 4414 excommunicantes
1007 4346 1144 4412 eundem
1179 4369 1215 4412 ac
1244 4351 1433 4418 amasset.

164 4434 445 4523 singulos,:si.qui
468 4454 501 4502 se
524 4437 564 4502 ad
586 4436 794 4522 prestandum
809 4436 848 4502 ei
871 4458 965 4522 super
993 4437 1156 4522 premissis
1185 4436 1319 4524 imperio
1350 4437 1416 4506 siue

163 4547 274 4613 regno,
297 4524 471 4607 auxilium·
483 4526 651 4596 consilium
673 4526 724 4593 vel
746 4526 889 4594 fauorem
907 4526 1086 4614 juramenti
1107 4526 1234 4596 ιιιιοιιιο
1256 4527 1416 4594 astrimo-
