3404 5280
177 663 284 760 Q

618 500 990 552 eanaoerusx.1aaa
1391 499 1429 562 57

243 821 288 832 -
401 822 446 832 -
512 789 623 849 Eidem.
646 790 685 848 Ut
707 773 845 848 victualia
867 807 919 865 pro
943 789 1076 867 passagio
1099 791 1222 865 prestari
1238 790 1324 851 faciat
1339 792 1432 868 patri·

337 879 422 1028 prlchc
445 879 706 1008 {ierosolymitano
739 910 779 921 -
812 879 916 952 „Sicut
947 879 1003 937 alie
1033 880 1131 938 nostre
1162 879 1290 939 littere“.
1330 882 1358 941 0.
1390 883 1430 940 49

349 988 384 1027 o.
404 970 469 1027 25.
1368 975 1432 1032 717

243 1093 290 1118 -·
400 1111 444 1120 -
510 1075 584 1154 Regi
606 1076 785 1134 Francorum
806 1075 925 1135 illustri.
950 1075 1098 1135 Consortat
1121 1095 1205 1147 eum,
1231 1079 1267 1135 ut
1288 1077 1380 1152 patris
1401 1078 1433 1136 in

335 1165 497 1314 {intutillms
512 1166 646 1224 imitetur
662 1166 779 1224 semitas
795 1167 825 1223 et
840 1165 928 1222 deum
943 1165 1053 1224 timeat.
1069 1198 1114 1208 -
1129 1165 1178 1236 „Si
1192 1166 1316 1224 eximii“.
1344 1167 1372 1226 0.
1389 1167 1430 1226 49

348 1256 385 1315 ol.
404 1257 443 1313 25
463 1302 470 1315 .
1367 1262 1432 1317 718

244 1393 289 1405 -—
402 1395 443 1406 -—
512 1362 638 1422 Oliverio
654 1363 689 1419 de
704 1361 848 1420 Termulis
863 1361 959 1420 militi.
984 1362 1019 1421 Se
1042 1365 1125 1438 paret
1146 1363 1188 1421 ire
1211 1361 1247 1420 ad
1267 1362 1431 1421 subsidium

339 1453 416 1510 terre
433 1454 539 1510 sancte.
557 1486 597 1496 -
615 1453 683 1523 „Pie
699 1451 888 1511 devocionis“.
914 1452 941 1510 C.
960 1452 1000 1510 49
1018 1451 1066 1509 fol.
1085 1444 1151 1510 87¹³.
1366 1459 1432 1513 719
1470 1496 1473 1500 -

233 1577 285 1602 ’-
399 1591 444 1600 -
511 1559 938 1618 PatriarcheJerusalemitano.
955 1558 1070 1617 Dicitur
1084 1558 1431 1634 patriarchatuexpensis

334 1647 473 1706 faciendis
494 1666 547 1724 pro
562 1648 681 1726 negotio
696 1650 773 1706 terre
789 1650 886 1706 sancte
903 1649 933 1706 et
948 1647 1111 1723 specialiter
1125 1648 1157 1706 in
1173 1648 1369 1722 stipendiariis
1384 1667 1430 1707 as·

334 1737 483 1796 sumendis
506 1739 539 1796 in
570 1736 735 1796 subsidium
759 1739 836 1795 terre
863 1739 961 1808 sancta
985 1736 1097 1812 aliquid
1128 1737 1292 1799 donasse.
1323 1739 1431 1810 Monet,

335 1828 483 1902 quatinus,
500 1827 525 1886 si
540 1827 592 1886 hec
607 1845 675 1886 vera
691 1827 758 1896 sint,
774 1826 827 1885 hec
841 1827 969 1885 remedio
984 1826 1129 1904 corrigere
1145 1826 1269 1887 studeat.
1280 1861 1321 1870 —-
1333 1828 1431 1899 „Circa

334 1911 547 1976 commissum“.
565 1917 592 1975 C.
606 1917 645 1975 79
662 1916 712 1975 fol.
730 1909 795 1974 87¹³.
853 1921 856 1930 '
1364 1922 1430 1977 720

395 2057 440 2066 -
506 2023 581 2082 Duci
596 2025 626 2082 et
641 2023 789 2081 communi
803 2022 989 2081 Venetorum.
1013 2021 1176 2100 Significat,
1192 2041 1293 2100 regem
1308 2024 1427 2086 lbancie

334 2111 370 2170 ad
386 2113 631 2172 manutenendam
645 2114 754 2170 terram
769 2113 899 2170 sanctam
919 2130 1051 2189 rogasse,
1074 2113 1110 2170 ut
1125 2113 1251 2171 militare
1266 2113 1313 2172 val
1327 2113 1440 2192 navale

332 2202 496 2262 subsidium
518 2204 570 2260 aut
593 2202 696 2260 saltem
721 2201 917 2276 quantitatem
938 2201 1067 2276 aliquam
1091 2201 1126 2260 de
1146 2202 1270 2277 pecunie
1285 2202 1429 2277 preberet.

332 2291 411 2350 Petit
435 2311 452 2349 a
475 2291 562 2362 duce,
586 2293 622 2349 ut
642 2292 702 2349 tres
723 2290 814 2348 bonas
839 2291 944 2368 galeas,
967 2309 1040 2366 quas
1061 2292 1247 2366 promiserat,
1273 2291 1309 2348 ad
1332 2294 1430 2367 partes

332 2381 490 2446 orientales,
521 2381 649 2439 instante
678 2379 815 2457 Augusto
853 2380 969 2458 dirigat
1007 2412 1052 2422 -
1090 2380 1164 2451 „Ad
1201 2378 1429 2456 compassiotem

332 2471 452 2528 statuet
476 2470 503 2528 Ο.
522 2471 562 2528 49
580 2469 629 2530 fol.
647 2463 710 2529 88.'
766 2471 803 2528 In
818 2488 842 2528 6.
858 2489 896 2526 m.
913 2469 1086 2545 capitaneis,
1102 2469 1221 2528 consilio
1236 2471 1267 2528 et
1281 2471 1429 2530 communi

331 2560 535 2630 Januensium,
551 2561 668 2634 excepta
683 2559 815 2617 clausula
838 2558 947 2634 quibus
962 2560 1051 2618 etiam
1066 2577 1160 2634 usque
1175 2559 1325 2636 assignari.
1392 2561 1429 2619 ln

332 2666 356 2708 6.
374 2669 411 2706 m.
428 2649 536 2708 vicario
552 2649 582 2707 et
597 2649 746 2706 communi
761 2648 994 2706 Massiliensium.
1365 2654 1427 2710 721

398 2787 442 2798 -
510 2754 658 2814 Universis
673 2753 908 2830 archiepiscopis
931 2753 1072 2830 episcopis
1087 2755 1140 2812 etc.
1157 2773 1210 2830 par
1224 2773 1352 2832 regnum
1366 2757 1428 2814 An-

332 2845 391 2922 glie
406 2844 581 2903 constitutis.
604 2844 708 2921 Rogat,
723 2845 760 2901 ut
774 2844 839 2921 regi
853 2844 968 2920 Anglie,
991 2847 1053 2902 tam
1070 2843 1230 2921 grandibus
1250 2844 1381 2919 expensis
1396 2848 1429 2904 in

331 2933 494 2993 subsidium
516 2935 594 2992 terre
616 2935 713 2993 sancte
738 2935 867 3010 gravato,
883 2934 918 2991 de
940 2933 1104 2992 redditibus
1119 2933 1341 2993 subventionem
1357 2952 1426 2993 ocn-

331 3023 446 3082 cedant.
462 3057 506 3065 -
521 3023 691 3095 „Attendite
707 3022 838 3082 fratres“.
861 3023 888 3080 Ο.
907 3024 947 3081 49
964 3022 1014 3083 fol.
1032 3017 1098 3082 88¹).
1363 3030 1428 3085 722

394 3165 439 3174 -
505 3130 729 3206 archiepiscopo
738 3129 870 3204 Aquensi
879 3132 969 3205 apost.
980 3130 1056 3189 sedis
1065 3130 1170 3207 legato.
1188 3130 1350 3189 Committit
1359 3150 1428 3190 eum

329 3221 461 3297 legatum
476 3219 513 3278 od
534 3219 723 3296 pacificandas
745 3220 844 3295 partes
866 3218 1046 3279 Lombardie.
1063 3253 1105 3263 -
1121 3219 1232 3293 „Quem
1255 3222 1294 3278 sit
1315 3221 1425 3279 nobis“.

333 3311 360 3368 0.
379 3310 419 3368 49
437 3308 484 3368 fol.
503 3307 570 3370 89⁰.
1365 3315 1428 3371 723

393 3449 434 3460 -
502 3415 612 3476 Eidem.
636 3417 676 3474 Ut
690 3433 879 3491 quoscunque
894 3416 1039 3490 Yspanos,
1062 3415 1250 3474 theotonicos
1273 3417 1321 3475 vel
1343 3417 1423 3492 alios,

274 3517 279 3526 ·
329 3505 531 3564 lombardiam
546 3505 583 3563 ad
597 3505 773 3564 turbandam
788 3523 889 3580 paoem
903 3505 997 3580 ipsius
1019 3504 1135 3582 ingredi
1149 3507 1359 3581 presumentes,
1376 3525 1426 3565 ex-

330 3595 532 3654 communicet
550 3630 585 3641 -
608 3595 706 3667 „Licet
721 3612 775 3670 per
789 3594 914 3686 datam“.
938 3594 966 3651 C.
986 3595 1026 3652 49
1043 3594 1091 3652 fol.
1111 3594 1162 3654 90.
1362 3602 1428 3658 724

398 3755 443 3764 -
510 3720 621 3780 Eidem.
645 3721 684 3778 Ut
698 3721 857 3778 bacatum
872 3719 950 3794 pacis
965 3719 1043 3777 inter
1051 3718 1248 3778 Bononiensas
1264 3722 1294 3779 et
1303 3722 1429 3781 Venetos

330 3811 480 3886 inceptum
495 3809 634 3886 perficiat.
646 3827 687 3852 -ι
704 3808 924 3880 „Desiderantes
939 3809 1018 3884 pacis
1033 3807 1156 3867 federa“.
1181 3808 1340 3870 ibidem.
1364 3815 1427 3872 725

391 3967 433 3978 --
502 3935 643 4012 Magistro
665 3934 774 3994 ordinis
796 3934 922 3993 fratrmn
946 3933 1171 3993 Predicatorum.
1196 3935 1250 4007 Ut,
1274 3936 1298 3994 si
1320 3935 1426 4009 credat,

330 4043 359 4083 se
376 4042 459 4100 posse
471 4023 554 4087 inter
568 4025 730 4082 Januenses
746 4025 776 4083 et
791 4013 924 4095 Venetos]
940 4041 1055 4082 necnon
1070 4026 1101 4082 et
1115 4024 1193 4082 inter
1207 4024 1286 4098 ipsos
1301 4025 1426 4086 Venetos

328 4115 358 4172 et
373 4115 569 4172 Bononienses
585 4114 663 4188 pacis
679 4113 776 4172 federa
795 4114 968 4184 reformare,
992 4113 1119 4172 destinet
1141 4113 1254 4188 aliquos
1275 4113 1426 4191 religiosos

329 4203 408 4262 viros
423 4203 646 4278 circumspectos
661 4203 698 4260 ad
713 4204 861 4263 civitatem
870 4204 1057 4262 Januensem.
1071 4235 1111 4247 -
1121 4202 1181 4272 „De
1197 4204 1249 4260 tua
1265 4202 1426 4264 devotionis

329 4292 522 4351 sinceritate“.
546 4293 573 4350 d.
592 4292 632 4350 49
650 4292 698 4350 fol.
717 4291 783 4351 90⁰.
1360 4299 1425 4355 726

339 4455 343 4464 -
392 4447 437 4458 —-
503 4415 727 4492 Archiepisoopo
736 4415 869 4491 Aquensi
878 4417 968 4490 apost.
979 4414 1055 4475 sedis
1065 4415 1171 4491 legato.
1188 4415 1255 4474 Non
1263 4419 1424 4490 permittat,

328 4507 364 4564 ut
379 4504 541 4564 Placentini
562 4506 773 4563 monasterium
795 4505 831 4562 de
847 4504 985 4564 Columba
1000 4504 1196 4564 Cisterciensis
1217 4505 1340 4582 ordiuiS,
1356 4507 1424 4565 Pla-
