3464 5280
291 503 334 571 80
728 501 922 554 urceolus
941 504 996 553 111.
1019 502 1095 554 rare.

294 664 388 725 1279.

290 773 430 835 Martll.
452 772 564 832 Rome·
583 773 681 849 apud
703 791 726 834 s.
748 774 911 835 Petrum.
932 773 963 832 1.
984 773 1196 850 archiepiscopo
1212 773 1350 835 Cretensi.
1372 773 1540 852 Deputatur

450 861 487 922 ad
508 862 684 941 colligendas
707 862 830 922 decimas
851 881 904 940 pro
926 864 1005 923 terra
1026 865 1124 923 sancta
1145 863 1178 922 in
1199 865 1317 946 civitate
1338 882 1371 923 ac
1391 865 1541 941 provincia

452 952 580 1011 Cretensi
595 953 673 1012 certa
693 952 787 1012 indite
808 953 908 1016 forma.
924 986 968 996 —-
983 953 1115 1026 „Quanto
1136 955 1331 1016 estimamus“.
1354 953 1388 1015 V.
1403 953 1443 1016 id.
1455 955 1541 1013 Mart

452 1041 494 1099 46
509 1061 537 1118 p.
557 1042 619 1101 130
635 1041 688 1126 A2.
1375 1076 1377 1080 ·
1475 1047 1541 1104 962

289 1187 330 1220 ν,,
379 1137 429 1209 23.
519 1192 535 1220 ,,
625 1148 717 1208 Priori
735 1167 756 1210 s.
772 1149 853 1208 Petri
867 1148 1092 1209 Matisconensis.
1116 1148 1158 1207 Ile
1178 1148 1418 1210 determinatione
1434 1149 1542 1209 factas

451 1237 590 1315 Gregorio
612 1238 647 1298 X.
669 1256 757 1313 super
778 1239 994 1310 controversiis,
1020 1257 1077 1314 que
1098 1238 1252 1298 vertebant
1273 1240 1351 1298 inter
1373 1239 1542 1315 episcopum

450 1327 677 1405 Lugdunensem
696 1329 727 1386 et
747 1328 824 1387 cives
838 1328 1063 1406 Lugdunenses,
1087 1329 1232 1402 quantum
1252 1328 1289 1386 ad
1307 1327 1542 1403 jurisdictionem

450 1435 539 1492 super
558 1417 621 1492 ipsa
643 1417 775 1488 civitate;
797 1436 854 1492 que
875 1420 975 1477 tamen
995 1418 1213 1487 determinatio,
1237 1417 1306 1492 quia
1327 1419 1394 1494 post
1416 1419 1542 1476 mortem

451 1506 544 1581 ipsius
560 1506 700 1584 Gregorii,
716 1498 778 1565 non
790 1508 926 1582 pervenit
940 1507 977 1564 ud
990 1507 1117 1579 bullam,
1142 1506 1261 1564 mandat
1275 1507 1384 1565 iterum
1399 1525 1489 1583 papa,
1504 1509 1542 1566 ut

450 1595 615 1670 inquirant,
637 1614 710 1654 num
733 1595 827 1654 cidem
851 1597 986 1656 assentiri
1007 1596 1102 1655 velint
1123 1597 1154 1654 ct
1174 1595 1302 1655 referant
1316 1595 1353 1654 ad
1366 1615 1480 1672 papam.
1496 1628 1542 1638 -

450 1685 527 1760 „Sua
541 1685 652 1745 nobis“.
674 1683 708 1743 X.
723 1685 781 1745 kal.
796 1684 867 1761 Apr.
887 1685 948 1745 120
963 1683 993 1761 p.
1012 1684 1073 1744 173
1090 1683 1143 1769 A2.
1474 1691 1541 1746 963

312 1834 330 1864 „
377 1793 428 1852 23.
516 1835 534 1864 „
623 1791 658 1852 A.
673 1793 742 1852 nato
757 1793 836 1869 regis
851 1792 981 1852 Castellc.
1005 1791 1112 1851 Scribit
1126 1791 1161 1850 de
1175 1791 1312 1867 pluribus
1326 1791 1358 1850 in
1373 1792 1560 1856 libertatem.

450 1881 670 1940 ecclesiasticam
679 1901 696 1940 a
705 1899 775 1960 rege
785 1881 906 1940 Castelle
915 1881 1074 1941 commissis
1089 1882 1119 1939 et
1134 1881 1213 1956 quod
1228 1881 1319 1940 instet
1333 1881 1412 1956 apud
1426 1884 1541 1957 patrem

450 1988 554 2042 suum,
578 1972 614 2029 ut
636 1971 766 2047 predicta
783 1953 925 2048 'corriget
949 2005 993 2014 -
1018 1971 1118 2042 „Inter
1133 1972 1268 2030 ceteros“.
1301 1970 1366 2030 Dat.
1391 1972 1428 2030 ut
1452 1989 1540 2047 supra

453 2055 870 2146 (P.'21,556).7p.5513,.
1475 2066 1542 2122 964

283 2159 330 2242 ¹„
378 2152 429 2228 23.
519 2209 535 2240 „
624 2166 847 2243 Archiepisccpc
862 2167 1021 2242 Yspalensi.
1046 2168 1085 2227 Ut
1106 2167 1225 2227 inducat
1246 2186 1347 2246 regem
1362 2167 1484 2226 Castelle
1503 2167 1541 2226 ad

358 2264 360 2268 ’
450 2255 1038 2332 correctionem.-‚,Adprocure.ndam“.
1060 2257 1126 2316 Dat.
1136 2259 1172 2316 ut
1181 2257 1337 2333 supraip.
1350 2258 1452 2341 5531·
1474 2259 1539 2318 865

281 2355 335 2438 Λ(,,
383 2364 447 2441 23.)
515 2362 558 2440 (,,)
624 2363 791 2422 Memoriale
813 2365 958 2422 secretum
979 2363 1124 2423 traditum
1145 2364 1232 2422 Petro
1257 2364 1389 2439 episcopo
1411 2363 1539 2433 Reatino,

450 2472 509 2529 quo
524 2453 697 2523 instruitur,
723 2470 811 2527 super
826 2453 934 2529 quibus
949 2453 1081 2512 articulis
1096 2452 1199 2512 debeat
1214 2454 1246 2511 in
1258 2453 1379 2530 'negotio
1394 2453 1473 2530 regis
1489 2453 1539 2512 Oa-

224 2605 231 2611 ,
335 2609 336 2616 .
449 2543 537 2708 ῗθξὲ
553 2542 708 2690 grceedcrc
731 2544 761 2601 ct
783 2561 842 2618 quo
864 2542 974 2602 ordine.
996 2576 1040 2585 -
1062 2542 1171 2613 „Istud
1195 2544 1239 2602 cst
1263 2543 1429 2662 memoriale
1438 2548 1463 2603 “.
1476 2542 1540 2693 9ὲὲ

342 2709 345 2714 .
473 2678 479 2692 ·
578 2673 605 2716 1·
1255 2681 1304 2704 ,ν

310 2781 327 2810 ,,
375 2739 425 2799 25.
515 2727 532 2809 „
622 2739 750 2798 Johanni
771 2739 985 2816 archiepiscopo
1008 2739 1217 2798 Cantuariensi.
1249 2737 1331 2808 Quod
1355 2715 1447 2814 possit
1472 2756 1540 2797 con·

448 2827 548 2888 cedere
563 2827 692 2887 officium
706 2829 914 2888 tabellionatus
928 2829 1025 2887 tribus
1040 2829 1178 2904 personis,
1199 2827 1307 2903 quibus
1323 2827 1445 2886 formam
1456 2827 1540 2903 jura·

447 2918 541 2976 menti
556 2916 592 2976 ab
605 2918 677 2992 ipsis
692 2917 816 2979 faciendi
825 2919 969 2994 assignat.
985 2950 1030 2961 —
1044 2919 1107 2988 „Nc
1129 2913 1359 2977 contractuum“.
1382 2917 1462 2978 Vlll.
1483 2916 1540 2976 kal.

451 3006 523 3083 Apr.
541 3007 581 3066 82
597 3025 627 3082 p.
646 3006 706 3066 143
724 3007 777 3092 A2.
1476 3010 1540 3066 967

282 3125 285 3196 ᾗ
311 3157 328 3190 a
376 3115 427 3176 28.
450 3113 567 3173 Rome.
591 3113 878 3191 OarolorcgiSicilic.
902 3115 941 3172 Ut
955 3113 1077 3173 nuntios
1085 3115 1186 3172 mittat
1195 3113 1232 3172 ad
1241 3132 1347 3189 papam
1355 3115 1541 3172 tractaturos.

448 3204 485 3262 de
506 3203 635 3262 ineunda
655 3221 725 3279 pace
747 3204 826 3263 inter
846 3204 944 3279 ipsum
966 3205 996 3262 et
1018 3221 1119 3280 regem
1134 3203 1236 3280 Cypri,
1256 3221 1310 3278 pro
1325 3221 1383 3279 qua
1398 3203 1470 3262 alies
1484 3202 1542 3260 fuit

448 3288 621 3352 laboratum.
636 3325 681 3336 -
695 3293 750 3364 „ln
765 3292 942 3352 desideriis“.
965 3292 1000 3353 V.
1015 3293 1073 3352 kal.
1089 3293 1160 3367 Apr.
1179 3293 1196 3350 5
1212 3311 1241 3368 p.
1260 3292 1299 3350 53
1316 3293 1368 3377 B1·
1476 3296 1540 3352 968

283 3400 358 3476 ¹Apr.
377 3400 426 3460 22.
518 3440 534 3471 ,,
626 3399 736 3459 Simoni
758 3401 806 3460 tit.
830 3417 852 3460 s.
876 3399 978 3458 Cecilie
999 3399 1161 3475 presbitero
1187 3398 1327 3458 cardinali
1350 3400 1442 3474 apost.
1467 3397 1542 3456 sedis

449 3489 555 3566 legata.
580 3489 619 3548 Ut
640 3489 786 3564 inquirat,
809 3507 844 3547 ex
868 3507 927 3564 qua
941 3507 1027 3548 causa
1041 3487 1239 3548 vicedominus
1254 3489 1409 3551 canonicus
1423 3487 1540 3546 baudu-

450 3579 548 3637 nensis
563 3577 595 3636 in
609 3597 709 3655 regem
718 3579 837 3637 Francia
852 3578 1006 3637 oblocutus
1019 3577 1057 3636 sit
1067 3580 1180 3653 etpapc
1189 3576 1307 3636 deferat.
1317 3611 1362 3620 -
1372 3576 1420 3649 „Si
1429 3576 1540 3636 litere“.

448 3667 482 3728 X.
497 3667 555 3727 kal.
569 3667 650 3743 Maji.
676 3667 716 3726 14
731 3686 759 3743 p.
777 3667 818 3726 60
834 3669 885 3751 B1.
908 3667 942 3727 cf.
958 3668 988 3726 P.
1007 3667 1133 3739 21,567.
1476 3669 1542 3726 969

312 3816 328 3847 ,,
377 3774 445 3834 26.’
517 3817 534 3845 ,,
625 3773 735 3832 Simoni
756 3774 803 3833 tit.
828 3791 849 3831 s.
873 3773 975 3832 Occilie
999 3773 1159 3849 presbitero
1185 3772 1324 3832 cardinali
1347 3774 1439 3848 apost.
1465 3771 1541 3830 sedis

449 3863 556 3941 legato.
578 3861 883 3938 Reprehendi1,qucd
905 3865 1005 3922 contra
1027 3862 1142 3922 decreta
1164 3863 1279 3922 concilii
1293 3862 1494 3926 lateranensis
1508 3861 1541 3920 in

448 3952 550 4012 Galliis
564 3953 764 4012 torneamenta
779 3951 838 4010 sint
852 3951 937 4023 facta,
953 3952 1061 4028 quibus
1076 3953 1101 4012 si
1116 3953 1178 4027 ipse
1193 3971 1244 4011 rex
1259 3951 1395 4011 interfuit
1410 3953 1440 4011 et
1456 3950 1492 4011 ob
1508 3949 1539 4009 id

448 4042 774 4102 excommunicationem
797 4041 929 4112 incurrit,
952 4041 1072 4101 inducat
1094 4060 1163 4101 eum
1185 4042 1222 4099 ad
1243 4040 1480 4116 recipiscendum.
1498 4071 1541 4084 -

447 4132 565 4205 „Quam
579 4133 724 4190 attente“.
748 4131 797 4192 VI.
813 4131 870 4190 kal.
885 4131 965 4208 Maji.
985 4130 1023 4190 13
1039 4151 1068 4208 p.
1088 4133 1126 4190 59
1143 4133 1193 4215 Bl·
1475 4134 1543 4192 970

289 4237 360 4316 Maji
400 4237 430 4299 7,·
517 4279 534 4310 ,,
624 4239 781 4316 Margarita
803 4239 904 4316 regine
919 4239 1102 4297 Francorum.
1127 4239 1166 4298 Ut
1180 4238 1300 4302 nuntios
1315 4238 1416 4296 mittat
1429 4239 1536 4300 tracta·

451 4331 534 4388 turos
549 4327 584 4387 de
599 4345 668 4405 paee
683 4328 761 4388 inter
775 4329 869 4404 ipsam
883 4330 914 4387 et
929 4328 1064 4388 Carolum
1085 4346 1187 4406 regem
1202 4328 1312 4398 Sicilie,
1335 4329 1480 4403 quantum
1504 4325 1541 4384 ad

444 4417 514 4493 jura
536 4435 624 4493 super
645 4418 817 4478 comitatum
840 4417 1000 4478 Provincia.
1024 4451 1068 4462 -
1092 4418 1245 4490 „Mentem
1270 4419 1434 4478 nostram“.
1472 4434 1540 4476 nou.

448 4507 527 4584 Maji.
555 4508 592 4566 15
609 4527 639 4584 p.
658 4508 696 4566 61
714 4509 764 4594 ΒΓ
1475 4510 1541 4570 971
