3464 5280
1403 527 1466 590 123

212 692 409 777 proterviam
432 690 583 776 prestetis
608 713 666 774 per
689 712 745 756 vos
769 712 805 755 ac
828 691 951 756 vestros
974 689 1157 765 consilium,
1182 686 1335 751 auxilium
1360 686 1392 749 et
1415 685 1465 750 fa-

211 803 330 847 vorem.
362 781 476 864 Itaque
492 778 673 844 obedientie
696 780 755 845 filii
777 779 1031 864 comprobemini
1054 781 1086 842 et
1109 776 1148 842 de
1171 777 1262 841 filiali
1285 774 1465 841 devotionis

212 871 337 947 affectu,
360 871 425 954 ipsi
442 869 541 932 electo
557 892 576 933 a
592 870 682 934 vobis
699 869 849 944 exhibito,
873 869 1003 953 possitis
1027 889 1093 931 non
1117 867 1278 931 immerito
1301 886 1464 929 commen·

211 961 290 1024 dari.
335 959 403 1024 Nos
428 959 515 1022 enirn
538 958 688 1043 privandi
711 957 856 1043 precepti
879 959 982 1022 nostri
1012 961 1109 1041 super
1138 956 1199 1019 hoc
1228 957 1465 1039 contemptores

212 1049 435 1135 dignitatibus,
459 1048 640 1132 prolatoris,
664 1047 836 1131 prebendis
869 1049 902 1111 et
925 1047 1104 1124 beneficiiS,
1136 1066 1198 1129 que
1222 1068 1241 1109 1
1264 1043 1466 1109 monasteriis

212 1141 245 1202 et
268 1139 406 1203 eeclesiis
429 1137 567 1202 civitatis
591 1141 623 1200 et
646 1137 778 1202 diocesis
800 1136 1081 1202 Halberstadensis
1106 1134 1244 1212 obtinet,
1275 1137 1309 1198 et
1338 1155 1465 1218 compe·

212 1228 322 1293 scendi
344 1226 591 1292 contradictores
624 1249 683 1310 per
713 1249 878 1301 censuras,
912 1226 1040 1290 ecclesie
1074 1225 1246 1308 apostolice
1278 1225 1466 1302 reservatas,

211 1317 339 1402 prefato
363 1317 462 1381 electo
485 1316 698 1381 concessimus
721 1339 780 1400 per
806 1316 933 1397 nostras
961 1315 1071 1379 literas
1094 1314 1288 1391 facultatem,
1318 1333 1467 1378 concessa

211 1405 437 1470 nichilominus
462 1408 624 1488 potestate
648 1406 719 1483 illis,
744 1404 784 1469 ad
808 1427 887 1489 quos
911 1404 1127 1488 predictorum
1157 1403 1283 1467 collatio
1314 1402 1465 1486 pertinet,

211 1497 406 1580 eapropter
429 1494 644 1578 privationem
666 1493 850 1578 hujusmodi
873 1497 1030 1577 tanquam
1053 1492 1202 1556 vacantia
1225 1491 1371 1576 personis
1395 1490 1465 1555 ido·

210 1585 281 1650 neis
305 1583 499 1648 conferendi.
545 1582 743 1648 Provideatis
773 1585 883 1667 itaque
913 1583 1002 1648 vobis
1032 1581 1225 1666 prudenter,
1255 1602 1297 1645 ne
1321 1581 1356 1644 in
1378 1580 1465 1645 illius

211 1673 409 1738 difficultatis
440 1672 609 1737 articulum
638 1673 801 1751 incidatis,
832 1671 871 1736 de
902 1694 964 1756 quo
996 1672 1081 1735 exire
1111 1670 1204 1734 facile
1228 1692 1295 1735 non
1319 1670 1465 1754 possetis.

211 1762 357 1848 Dignum
381 1765 430 1827 est
453 1763 540 1826 enim
562 1765 607 1840 ut,
631 1784 702 1826 cum
725 1763 818 1838 velit,
843 1783 909 1825 non
933 1761 1054 1838 valeat,
1086 1760 1142 1845 qui
1165 1759 1283 1835 noluit,
1314 1780 1466 1824 11111111-

209 1852 305 1916 lebat.
354 1852 475 1915 Datum
500 1850 651 1936 Anagnis
674 1854 841 1935 utsupra.

299 1940 339 2004 In
363 1941 501 2004 eundem
524 1939 654 2003 modum
676 1941 822 2006 vassallis
846 1942 879 2002 et
902 1937 1165 2004 ministerialibus
1184 1936 1465 2002 Halberstadensis

211 2029 340 2094 ecclesie
363 2051 465 2114 usque
493 2032 723 2113 contemptum.
770 2029 922 2110 Quocirca
951 2027 1156 2092 universitati
1186 2028 1291 2091 vestre
1320 2027 1466 2111 rogando

210 2121 379 2184 monentes
396 2141 432 2183 ac
455 2141 514 2203 per
538 2119 712 2202 apostolica
734 2119 824 2184 vobis
847 2118 967 2202 scripta
990 2116 1191 2192 mandantes,
1215 2119 1374 2198 quatenus
1390 2116 1465 2180 uni-

209 2208 294 2273 versi
318 2210 376 2272 etc.
399 2230 501 2292 usque
524 2207 732 2273 intendentes
755 2207 921 2271 humiliter
944 2209 1001 2271 etc.
1025 2227 1126 2290 usque
1142 2206 1189 2270 ita
1205 2204 1289 2289 quod
1313 2202 1351 2267 de
1374 2204 1465 2268 filiali

210 2297 388 2362 devotionis
419 2298 535 2362 affectu
565 2299 622 2363 etc.
656 2319 756 2381 usque
787 2296 938 2380 privandi
967 2294 1113 2360 mandati
1145 2293 1248 2358 nostri
1279 2315 1377 2377 super
1406 2292 1466 2357 hoc

209 2387 447 2470 contemptores
470 2384 591 2463 feudos,
615 2386 671 2470 qui
694 2386 734 2450 ab
758 2385 869 2450 eadem
885 2383 1150 2450 Halberstadensi
1170 2383 1301 2448 ecelesia
1316 2381 1467 2447 obtinent

211 2475 269 2539 etc.
292 2495 395 2559 usque
418 2475 454 2539 in
476 2476 584 2539 finem.

254 2576 257 2593 ¹
298 2563 339 2630 In
362 2564 500 2628 eundem
523 2563 653 2628 modum
675 2563 796 2649 populo
819 2563 957 2628 civitatis
980 2564 1013 2627 et
1029 2561 1161 2628 diocesis
1177 2559 1465 2626 Halberstadensis.

825 2778 855 2841 4.

297 2921 484 2987 Aleaomder
505 2920 568 2988 IV
582 2922 725 2996 11111111,
749 2930 787 2986 ot
808 2922 1061 3005 archiepiscopus
1084 2919 1368 3003 Mapdeturpcasr'a
1390 2937 1464 2984 vea-

207 3029 342 3094 dr’tr’ooes
357 3037 386 3093 ot
399 3028 633 3113 infeudationes
641 3027 772 3112 Ludolfi
786 3029 824 3092 de
839 3026 958 3092 Slodca
972 3029 1092 3092 1111111·
1106 3035 1233 3092 reuocet.
1256 3026 1462 3108 Absyrtio,

208 3135 316 3202 1255
339 3137 430 3203 Jal.
451 3136 517 3201 21.

177 3303 179 3308 ¹
299 3273 546 3358 Archiepiscopo
562 3273 844 3360 Magdeburgensi.
878 3275 1021 3351 Dilectus
1044 3274 1129 3339 filius
1151 3273 1317 3351 Volradus,
1342 3273 1461 3337 electus

207 3363 497 3440 Halberstadensis,
517 3367 575 3427 su'a
590 3363 683 3428 nobis
707 3365 864 3447 petitione
888 3365 1048 3440 monebat,
1073 3363 1165 3446 quod,
1189 3385 1260 3427 cum
1284 3361 1403 3426 dudum
1426 3361 1462 3425 in

207 3453 475 3519 Halbcrstadensi
504 3452 634 3516 ecclesia
663 3453 724 3516 due
755 3454 893 3517 fuissent
923 3453 1108 3532 electiones,
1139 3451 1286 3517 videlicet
1315 3450 1354 3514 de
1381 3450 1462 3534 ipso,

206 3546 286 3607 tuno
308 3542 484 3617 scolastico,
515 3539 609 3604 etde
633 3541 771 3605 Ludulfo
801 3542 840 3605 de
863 3539 995 3618 Sladen‚
1025 3541 1177 3605 canonico
1206 3541 1309 3625 ipsius
1333 3539 1462 3606 ecclesie

207 3632 376 3710 celebrate,
400 3652 498 3715 quare
515 3630 616 3695 felicis
632 3631 860 3696 recordationis
876 3630 1114 3715 l(nnocentius)
1139 3652 1234 3714 papa,
1258 3628 1463 3712 predecessor

207 3723 327 3800 noster,
351 3720 608 3804 procuratoribus
632 3720 783 3804 partium,
807 3722 941 3804 propter
963 3719 1022 3782 hoc
1044 3719 1080 3782 in
1104 3719 1173 3802 ejus
1197 3718 1362 3802 presentia
1385 3739 1462 3781 con-

208 3811 331 3874 stitutis
354 3812 387 3874 et
411 3809 535 3886 auditis,
560 3831 621 3892 que
642 3810 732 3872 fuere
748 3808 914 3872 hincinde
931 3809 1097 3892 proposita
1113 3830 1218 3872 coram
1233 3809 1313 3891 ipso,
1336 3807 1464 3871 invenit

208 3899 395 3963 electionem
418 3898 456 3962 de
480 3898 608 3982 prefato
631 3898 674 3977 L,
699 3899 754 3981 qui
777 3897 981 3982 postmodum
998 3921 1016 3962 a
1031 3896 1207 3963 venerabili
1230 3897 1329 3960 fratre
1353 3898 1462 3960 nostro

208 4039 246 4056 ..
271 4039 278 4052 .
302 3987 541 4072 archiepiscopo
564 3987 758 4072 Maguntino
787 3987 848 4051 loci
877 3987 1126 4071 metropolitano
1155 4007 1273 4049 munus
1302 3983 1363 4049 sibi
1386 4005 1462 4047 con-

206 4078 399 4142 firmationis
423 4079 456 4140 et
479 4076 726 4141 consecrationis
749 4076 895 4160 impendi
917 4075 1109 4152 obtinuerat,
1132 4077 1246 4158 utpote
1270 4072 1373 4138 adhue
1395 4095 1462 4136 non

206 4169 342 4232 vacante
373 4166 456 4230 dicta
487 4166 617 4230 ecclesia
645 4166 714 4228 fore
741 4168 965 4250 presumptam
988 4163 1101 4228 amodo
1124 4162 1287 4247 quondam
1311 4162 1482 4247 episcopo,

207 4254 471 4320 Halberstadensi
497 4255 642 4318 nondum
665 4254 832 4318 obtinente
856 4252 988 4318 cedendi
1010 4251 1174 4315 licentiam
1196 4251 1271 4315 licet
1294 4273 1365 4314 eam
1389 4272 1461 4315 cum

206 4344 365 4410 instantia
388 4343 583 4428 postulasset
606 4365 625 4406 a
648 4341 762 4407 dilecto
784 4343 850 4406 filio
878 4344 987 4406 nostro
1010 4341 1064 4419 H,
1093 4340 1181 4404 tituli
1210 4343 1320 4405 sancte
1344 4337 1461 4404 Sabine

206 4434 396 4519 presbytero
419 4431 580 4509 cardinali,
604 4434 682 4495 tunc
710 4432 745 4495 in
776 4431 921 4515 partibus
947 4430 1139 4494 Alamannie
1170 4430 1343 4514 apostolice
1374 4427 1458 4492 sedis

205 4523 323 4608 legato,
346 4524 479 4606 propter
502 4518 685 4605 generalem
707 4519 804 4584 etiam
823 4519 1058 4599 inhibitionem,
1083 4519 1123 4583 ab
1139 4519 1210 4602 ipso
1226 4519 1335 4603 legato
1359 4516 1454 4588 emis·
1538 4585 1552 4606 μ
