3438 5276
287 511 368 592 nso

301 687 389 752 sonis
405 687 632 753 'ecclesiasticis
651 687 711 753 sub
726 709 813 774 pena
828 687 1070 776 degradationis
1086 690 1119 754 et
1133 687 1325 774 privationis
1348 687 1554 774 dignitatum,

301 776 478 841 officiorum
500 779 535 841 et
557 777 773 862 quorumlibet
794 777 1029 856 beneficiorum,
1044 799 1105 842 nec
1127 799 1194 842 non
1216 777 1499 842 communitatibus
1522 778 1556 840 et

300 865 564 932 universitatibus
579 866 753 946 civitatum,
775 869 953 933 metrorum
967 870 1002 932 et
1016 888 1287 953 quorumcumque
1304 865 1453 945 locorum,
1467 887 1554 930 mar-

301 953 469 1020 chionibus
488 977 622 1041 quoque,
646 956 786 1035 ducibus,
809 956 985 1037 comitibus,
1008 957 1182 1022 baronibus
1206 959 1239 1022 et
1261 956 1398 1042 singulis
1421 954 1553 1041 quibus-

299 1043 381 1109 libet
402 1043 549 1129 personis
572 1046 631 1111 snb
654 1065 741 1132 pena
764 1045 956 1130 privationis
983 1046 1143 1124 omnium,
1173 1067 1235 1132 que
1259 1069 1279 1111 a
1301 1044 1553 1131 quibuscumque

299 1134 416 1199 tenent
438 1133 585 1214 ecclesiis,
608 1135 805 1221 generaliter
828 1135 984 1202 ediximus
1000 1139 1033 1201 ct
1048 1135 1221 1201 districtius
1238 1135 1385 1201 duximus
1400 1134 1552 1200 inhiben-

285 1221 385 1301 dum,
409 1244 469 1288 nec
491 1245 563 1289 cum
585 1228 762 1290 memorato
786 1223 995 1312 O(0nradino)
1020 1228 1078 1291 aut
1102 1225 1164 1291 alio
1187 1247 1247 1312 pro
1269 1226 1342 1311 ipso
1365 1246 1421 1289 seu
1443 1224 1480 1288 in
1502 1223 1552 1288 fa-

300 1332 410 1377 vorem
431 1311 542 1398 ipsius,
566 1315 759 1394 societatem,
782 1315 1020 1401 colligationem
1047 1316 1099 1380 νε]
1122 1335 1320 1401 quecumque
1343 1313 1453 1380 federa
1476 1334 1552 1378 con·

299 1400 468 1467 traherent
489 1401 541 1468 vel
564 1405 727 1469 contracta
749 1404 917 1469 observare
940 1407 1149 1490 temptarent.
1171 1405 1240 1471 Nos
1256 1404 1344 1470 enim
1360 1403 1553 1480 societatem,

300 1490 538 1578 colligationem
562 1495 595 1558 et
616 1493 727 1559 federa
748 1493 940 1578 hujusmodi,
964 1495 1061 1559 etiam
1085 1494 1113 1559 si
1136 1494 1203 1559 sint
1221 1495 1480 1578 juramentorum
1502 1491 1555 1557 vel

299 1601 459 1668 penarum
481 1581 658 1666 adjectione
681 1605 736 1648 seu
761 1604 960 1668 quocumque
983 1584 1046 1649 alio
1068 1584 1195 1650 vinculo
1216 1581 1374 1661 roborata,
1397 1583 1437 1648 de
1460 1582 1553 1667 pote·

300 1670 393 1735 statis
425 1670 628 1756 plenitudine
660 1673 871 1738 dissolventes
903 1674 937 1738 et
967 1695 1074 1738 carere
1107 1674 1287 1738 statuentes
1319 1672 1409 1737 omni
1439 1670 1553 1736 robore

299 1759 469 1825 firmitatis.
492 1760 668 1826 Universos
692 1764 725 1828 et
747 1761 908 1848 singulos,
939 1763 995 1848 qui
1024 1785 1058 1828 se
1089 1762 1129 1828 ad
1153 1783 1262 1828 eorum
1286 1761 1553 1838 observationem,

285 1849 594 1935 ‘quomodocumque
617 1873 651 1917 se
674 1854 970 1936 quantumcumque
1000 1853 1223 1938 sollempniter
1252 1851 1488 1927 astrinxerunt,
1512 1847 1554 1914 ad

300 1960 339 2004 ea
360 1937 561 2004 observanda
583 1939 780 2006 decrevimus
802 1962 870 2006 non
891 1942 997 2007 teneri
1018 1963 1079 2006 nec
1100 1942 1188 2027 ipsos
1212 1962 1271 2025 pro
1302 1962 1356 2019 eo,
1378 1938 1472 2024 ⁴qnod
1494 1937 1552 2004 illa
1639 1961 1645 1970 ·

299 2048 370 2092 non
392 2029 600 2108 servaverint,
624 2051 718 2115 posse
741 2030 781 2095 de
803 2033 895 2096 reatu
918 2031 1054 2118 perjurii
1083 2032 1134 2096 vel
1163 2030 1289 2095 ratione
1312 2051 1472 2115 penarum
1495 2030 1554 2093 aut

300 2138 571 2203 quarumcumque
594 2120 843 2204 promissionum
866 2121 917 2185 vel
940 2121 1189 2186 conventionum
1220 2119 1415 2204 adjectarum
1437 2118 1474 2182 in
1498 2117 1553 2195 eis,
1583 2191 1587 2204 ,

298 2205 473 2292 injudicio
503 2209 554 2273 vel
584 2211 675 2274 extra
704 2209 819 2294 impeti
849 2231 905 2275 seu
929 2210 1133 2295 aliquatenus
1156 2209 1328 2274 molestari.
1351 2209 1434 2273 Item
1457 2205 1556 2272 simili

298 2295 521 2382 prohibuimus
544 2297 654 2377 edicto,
678 2321 720 2363 ne
744 2299 815 2384 quis
839 2299 870 2364 ei
891 2299 944 2363 vel
968 2299 1023 2364 alii
1045 2321 1105 2384 pro
1122 2299 1209 2363 eoin
1226 2297 1443 2383 aliquaparte
1459 2295 1554 2362 Italic

298 2385 428 2454 obediat
456 2387 507 2455 νε]
536 2386 687 2453 intendat
716 2411 772 2453 neu
796 2388 966 2474 adipsum
989 2388 1101 2466 vadat,
1125 2387 1277 2453 nuntium
1298 2385 1351 2451 vel
1373 2387 1500 2451 litteras
1523 2385 1555 2450 ei

297 2475 408 2560 mittat
429 2476 488 2541 sub
512 2497 710 2562 quocumque
734 2478 892 2543 velamine
917 2480 973 2543 aut
994 2479 1129 2562 recipiat
1158 2478 1199 2542 ab
1228 2477 1355 2555 eodem,
1385 2497 1468 2541 neve
1491 2472 1555 2540 sibi

284 2564 351 2631 ¹vel
372 2564 466 2652 genti
488 2566 540 2630 νε]
562 2567 686 2632 nuntiis
710 2567 776 2632 suis
799 2567 925 2632 fodrum
948 2567 1118 2645 ministret,
1142 2588 1249 2652 equos,
1273 2588 1363 2631 arma
1381 2565 1434 2630 vel
1453 2585 1553 2630 naves

297 2653 357 2720 sub
380 2653 573 2720 venditionis
595 2656 690 2721 titulo
723 2660 780 2722 aut
802 2678 1004 2742 quocumque
1028 2657 1091 2722 alio
1113 2656 1216 2721 colore
1240 2654 1405 2732 concedat,
1429 2653 1554 2718 neceb

296 2743 368 2830 ipso
393 2742 602 2831 C(onradino)
626 2745 678 2810 vel
700 2746 763 2810 alio
785 2767 845 2831 pro
869 2766 906 2810 eo
930 2745 1093 2831 stipendia
1122 2766 1320 2830 quecumque
1342 2743 1480 2828 recipiat
1501 2743 1554 2808 vel

297 2854 357 2919 pro
379 2833 518 2919 receptis
540 2833 707 2900 servitium
729 2835 923 2920 promissum
947 2835 1096 2900 exhibere
1119 2836 1285 2920 presumat
1300 2854 1360 2898 neo
1376 2833 1456 2898 alias
1472 2853 1553 2917 quo·

296 2921 472 2989 modolibet
494 2923 539 2988 eis
563 2924 614 2989 vel
637 2946 747 2989 eorum
777 2924 871 2989 alicui
901 2927 957 2989 aut
987 2924 1042 2990 elii
1065 2924 1163 2989 etiam
1185 2945 1245 3008 pro
1269 2921 1452 2989 Conradino
1475 2943 1552 3006 pre-

296 3010 380 3077 dicto
403 3013 526 3097 prestet
548 3013 717 3092 auxilium,
748 3014 916 3079 consilium
939 3013 991 3079 νε]
1013 3014 1164 3091 favorem,
1188 3012 1351 3097 publicum
1374 3011 1427 3077 vel
1449 3010 1553 3074 occul·

296 3102 375 3167 tum.
398 3103 482 3167 Item
505 3103 540 3168 in
563 3125 676 3168 omnes
691 3103 771 3182 illos,
796 3103 852 3189 qui
874 3104 985 3168 contra
1007 3101 1167 3188 predictas
1190 3100 1402 3166 inhibitiones
1425 3102 1554 3166 nostras

295 3190 348 3256 vel
369 3190 513 3276 ipsarum
536 3192 678 3278 aliquam
693 3195 814 3258 temere
830 3193 940 3258 venire
958 3211 1157 3277 quocumque
1172 3190 1267 3264 modo
1286 3189 1553 3276 presumpserint,

296 3281 522 3368 cujuscumque
544 3281 669 3347 fuerint
697 3282 867 3368 dignitatis
898 3283 954 3346 aut
977 3282 1094 3359 status,
1118 3279 1454 3345 excommunicationis
1477 3301 1553 3344 sen·

295 3370 433 3436 tentiam
465 3371 505 3436 de
537 3372 674 3437 fratrum
707 3371 880 3437 eorundem
912 3369 1045 3436 consilio
1083 3368 1231 3438 drrximus
1269 3367 1553 3455 promulgandum,

297 3458 376 3526 alias
399 3463 513 3526 contra
534 3460 623 3547 ipsos
646 3461 778 3549 gravius
801 3460 1014 3546 spiritualiter
1045 3462 1078 3525 et
1107 3459 1344 3544 temporaliter,
1376 3459 1475 3543 prout
1498 3477 1553 3521 ex-

294 3570 401 3616 cessus
430 3548 599 3617 dictaverit
628 3551 768 3636 qualitas
798 3551 832 3616 et
861 3548 1011 3634 expedire
1040 3547 1229 3626 viderimus,
1253 3547 1441 3633 processuri.
1474 3545 1553 3611 Pre-

295 3637 396 3704 diotas
418 3661 495 3705 vero
517 3640 854 3706 excommunicationis
878 3637 1057 3703 sententias
1086 3637 1309 3721 prohibuimus
1333 3637 1454 3720 absque
1478 3657 1553 3721 spe-

294 3727 368 3793 ciali
389 3728 546 3794 mandato
570 3731 689 3807 nostro,
713 3729 777 3794 nisi
799 3729 910 3793 forsan
933 3727 969 3792 in
999 3726 1110 3790 mortis
1141 3725 1274 3791 articulo
1304 3725 1458 3802 relaxari,
1490 3746 1553 3809 quo

283 3823 378 3897 casu,
401 3817 467 3883 nisi
496 3816 707 3883 absolutionis
736 3817 927 3882 beneficium
956 3815 1156 3893 obtinentes,
1186 3815 1273 3880 infra
1304 3814 1384 3879 duos
1415 3834 1553 3892 menses,

293 3903 1340 4078 catatuaflicti„tssttsttthittttttht
1355 3905 1553 4080 tutta,

294 4085 490 4155 satisfacturi
512 4086 551 4151 de
574 4086 640 4151 suis
664 4084 852 4162 excessibus,
875 4105 935 4169 pro
958 4083 1074 4169 quibus
1095 4081 1280 4167 hujusmodi
1301 4082 1484 4148 sententias
1499 4082 1551 4147 in-

294 4178 464 4242 currerunt
486 4177 519 4240 et
541 4175 660 4241 nostris
682 4174 894 4262 beneplacitis
917 4171 1069 4259 parituri,
1101 4192 1138 4234 co
1168 4172 1241 4256 ipso
1263 4172 1299 4236 in
1323 4171 1453 4236 easdem
1477 4192 1551 4236 sen-

292 4265 414 4331 tentias
436 4264 634 4330 relabuntur.
659 4263 841 4330 adicientes
864 4261 1055 4348 expressius,
1078 4259 1163 4344 quod
1184 4283 1204 4325 a
1224 4261 1377 4345 predictis
1400 4261 1550 4326 omnibus

294 4351 487 4441 et'singulis
510 4354 682 4422 sententiis
704 4353 780 4420 latis
801 4353 836 4418 in
861 4373 923 4431 eos,
939 4350 996 4435 qui
1017 4351 1145 4436 prefato
1162 4347 1373 4435 C(onradino)
1397 4351 1550 4436 prestite-

292 4441 362 4509 rint
391 4443 574 4522 ananum,
605 4442 759 4509 auxilium
789 4440 841 4506 vel
869 4442 1027 4517 favorem,
1060 4437 1226 4503 neminem
1257 4438 1363 4525 excipi
1379 4439 1550 4520 volumus,

294 4532 393 4600 etiam
415 4531 444 4598 si
466 4531 648 4620 episcopali,
671 4528 935 4616 archiepiscopali
957 4527 1010 4594 vel
1030 4525 1238 4612 patriarchali
1253 4531 1312 4595 aut
1326 4528 1390 4596 alia
1405 4527 1551 4613 qualibet
