3464 5280
901 757 931 822 9.

381 899 531 963 Uetustas
549 897 612 964 IV.
634 907 761 963 reuocat
781 907 946 973 stolatam,
971 917 1031 980 quo
1050 899 1265 984 Mapuatc'aas
1287 901 1540 985 archiepiscopus

286 1007 322 1070 ia
342 1005 533 1089 provinciali
560 1005 689 1070 eoooc'b'o
719 1006 911 1085 domarat,
940 1027 979 1071 ac
994 1009 1054 1094 jus
1072 1016 1265 1092 potronatus
1287 1007 1444 1092 relipc'osc's
1465 1028 1540 1092 per-

286 1113 374 1178 soae's
396 1132 418 1176 o
439 1111 636 1178 secabambus
654 1123 760 1198 posset
781 1115 927 1198 conferri.
950 1115 989 1199 ef,
1013 1115 1074 1180 Nc.
1098 1117 1172 1180 180.
1227 1115 1411 1196 Vocatus,
1435 1113 1539 1182 1261

289 1219 375 1288 Oet.
398 1217 437 1286 9.
547 1223 548 1226 ’

376 1377 533 1464 Magistro
561 1381 595 1444 et
623 1379 777 1445 fratribus
807 1380 977 1466 hospitalis
1001 1382 1255 1448 Jerosolimitani
1277 1383 1312 1447 in
1337 1381 1540 1446 Alamannia.

287 1466 501 1553 Exigentibus
520 1471 625 1534 vestre
641 1469 808 1556 religionis
825 1471 957 1549 meritis,
981 1473 1063 1536 votis
1080 1473 1195 1536 vestris
1211 1471 1350 1536 libenter
1366 1471 1540 1536 annuimus

288 1559 322 1622 et
351 1557 391 1621 ab
421 1557 499 1638 hiis,
529 1581 589 1642 per
619 1581 680 1643 que
711 1562 845 1645 possent
874 1560 964 1624 vobis
988 1563 1117 1627 evenire
1140 1561 1319 1647 dispendia,
1343 1583 1398 1627 vos
1423 1561 1539 1626 affeetu

287 1646 512 1711 benevolentia
535 1670 767 1732 preservamus
805 1645 889 1714 Sane
912 1650 1027 1734 petitio
1050 1653 1158 1716 vestra
1180 1651 1273 1716 nobis
1297 1649 1440 1714 exhibita
1463 1671 1539 1714 con-

288 1736 422 1813 tinebat,
446 1736 531 1821 quod
554 1739 746 1804 venerabilis
770 1739 871 1804 frater
894 1741 1012 1818 noster,
1037 1740 1294 1824 archiepiscopus
1317 1739 1539 1826 Magantinus,

287 1825 323 1890 in
346 1825 534 1910 provinciali
556 1828 687 1892 concilio
710 1850 769 1913 pro
793 1852 851 1894 sua
874 1830 1039 1895 voluntate
1063 1831 1189 1909 statuit,
1213 1832 1250 1893 ut
1270 1831 1322 1913 jus
1346 1831 1537 1914 patronatus

288 1914 421 1998 alicujus
452 1914 580 1979 ecclesie
610 1939 678 1996 sue,
708 1918 846 1982 civitatis
869 1920 921 1983 vel
945 1919 1076 1985 diocesis
1108 1923 1164 1985 aut
1193 1919 1356 2004 provincie
1379 1917 1539 2003 religiosis

288 2004 448 2089 aliquibus
472 2029 491 2068 a
513 2006 661 2089 personis
685 2008 877 2072 secularibus
901 2009 1087 2074 nullatenus
1110 2011 1294 2074 conferatur
1325 2011 1372 2088 et,
1404 2007 1432 2071 si
1454 2008 1537 2071 forte

287 2093 471 2178 hujusmodi
481 2095 536 2178 jus
552 2119 571 2158 a
587 2095 737 2180 predictis
758 2096 950 2160 saecularibus
973 2098 1133 2184 religiosis
1157 2097 1277 2162 eisdem
1299 2097 1438 2161 conferri
1461 2118 1537 2161 con-

289 2184 405 2270 tingat,
428 2186 597 2248 conferens
616 2185 686 2269 jue,
711 2184 795 2269 quod
817 2185 852 2248 in
876 2186 995 2250 eisdem
1018 2187 1160 2252 habebat
1183 2186 1337 2264 ecclesiis,
1360 2186 1433 2270 ipso
1455 2186 1539 2249 facto

288 2274 417 2339 amittat
439 2272 581 2357 illudque
605 2274 772 2339 diocesano
796 2275 887 2339 cedat
910 2275 1067 2361 episcopo,
1091 2277 1155 2342 nisi
1170 2279 1253 2340 forte
1269 2276 1354 2340 idem
1370 2276 1538 2339 conferens

284 2364 338 2449 jus
361 2363 469 2448 ipsum
492 2363 532 2426 ab
556 2363 620 2427 alio
642 2367 793 2429 teneatur
814 2364 850 2427 in
873 2363 1018 2442 feudum,
1051 2367 1135 2452 quod
1163 2370 1241 2430 tunc
1264 2365 1303 2430 ad
1326 2359 1418 2429 feudi
1438 2363 1539 2428 domi-

288 2453 380 2517 nium
402 2451 501 2516 libere
525 2451 719 2519 devolvatur.
765 2451 885 2518 Statuit
914 2455 1011 2520 etiam
1042 2457 1300 2542 archiepiscopus
1328 2454 1539 2538 supradictus,

289 2544 326 2606 ut
347 2541 490 2628 eollegi0,
514 2542 565 2606 cui
587 2542 672 2608 facta
695 2543 793 2608 fuerit
814 2542 998 2626 hujusmodi
1020 2547 1160 2624 collatio,
1184 2547 1309 2610 nullum
1328 2545 1383 2628 jus
1407 2565 1446 2608 ex
1468 2544 1540 2627 ipsa

289 2631 458 2696 collatione
481 2632 612 2715 penitus
636 2633 757 2716 acquiri
779 2631 908 2710 debeat,
932 2634 1030 2698 immo
1054 2636 1081 2699 si
1103 2635 1223 2700 habeat
1245 2635 1369 2718 aliquas
1393 2632 1540 2697 ecclesias

289 2721 324 2785 in
347 2742 424 2784 usus
448 2721 595 2805 proprios
610 2722 646 2787 in
662 2722 788 2798 diocesi,
812 2722 867 2785 ubi
889 2722 988 2787 talem
1010 2725 1213 2789 collationem
1230 2724 1259 2787 ci
1275 2723 1345 2787 fieri
1360 2721 1540 2806 contigerit,

290 2809 401 2875 eedem
424 2810 552 2875 ecclesie
575 2811 647 2895 ipso
665 2812 739 2894 jure
763 2813 878 2878 vacent
901 2814 934 2875 et
956 2834 1015 2896 per
1037 2814 1097 2878 loci
1128 2814 1332 2878 diocesanum
1356 2834 1413 2876 seu
1437 2810 1540 2875 archi-

290 2900 467 2979 diaconum,
490 2901 526 2964 in
541 2901 631 2986 cujus
655 2901 912 2966 archidiaconatu
936 2902 1124 2981 consistunt,
1148 2902 1294 2987 personis
1317 2900 1441 2966 idoneis
1464 2921 1540 2964 con-

289 2991 445 3055 ferantur.
486 2990 590 3070 Quare
614 2991 706 3055 nobis
730 2989 894 3055 humiliter
917 2992 1131 3075 supplicastis,
1155 2997 1199 3072 ut,
1224 3015 1265 3058 ne
1282 3014 1342 3077 per
1357 2988 1542 3074 hujusmodi

290 3081 447 3145 statutum
476 3081 565 3146 vobis
596 3079 788 3164 prejudicari
817 3079 935 3163 possit,
965 3081 1132 3164 providere
1164 3086 1302 3166 paterna
1329 3079 1542 3146 sollicitudine

290 3191 481 3234 curaremus.
520 3170 643 3238 Vestris
666 3170 775 3255 itaque
800 3169 1087 3252 supplicationibus
1110 3172 1329 3238 favorabiliter
1352 3171 1542 3246 annuentes,

290 3280 332 3323 ne
348 3261 511 3326 occasione
534 3259 717 3345 hujusmodi
740 3257 854 3325 statuti
877 3259 1006 3343 aliquod
1028 3261 1239 3345 prejudicium
1263 3262 1353 3328 vobis
1376 3262 1409 3324 et
1431 3257 1542 3342 hospi-

290 3349 349 3414 tali
372 3354 477 3416 vestro
500 3350 536 3415 in
559 3354 723 3436 posterum
746 3349 897 3436 generari
921 3349 1041 3427 valeat,
1070 3351 1241 3434 quominus
1266 3352 1321 3434 jus
1352 3351 1544 3434 patronatus

291 3439 495 3506 ecclesiarum
514 3441 688 3505 earundem
711 3440 850 3504 civitatis
874 3439 925 3502 vel
949 3439 1082 3503 diocesis
1106 3443 1163 3504 aut
1185 3441 1366 3525 provincie,
1390 3439 1418 3503 si
1442 3462 1461 3502 a
1483 3461 1544 3521 pa-

290 3529 393 3596 tronis
417 3553 527 3596 earum
550 3530 637 3594 laicis
667 3529 747 3593 illud
777 3529 867 3595 vobis
897 3528 1029 3612 pietatis
1051 3529 1173 3593 intuitu
1197 3530 1282 3594 licite
1305 3528 1445 3594 conferri
1467 3549 1544 3591 con·

290 3619 411 3703 tigerit,
433 3620 576 3705 recipere
600 3642 637 3684 ac
659 3618 777 3683 habere
801 3618 901 3683 libere
932 3617 1075 3682 valeatis.
1121 3619 1173 3682 Ita
1202 3622 1314 3704 tamen
1344 3617 1429 3702 quod
1459 3617 1545 3680 bona

292 3708 512 3787 ecclesiarum,
551 3709 587 3773 in
624 3707 738 3792 quibus
775 3707 959 3793 hujusmodi
990 3708 1045 3791 jus
1080 3711 1271 3793 patronatus
1309 3707 1398 3772 vobis
1436 3705 1546 3770 taliter

292 3797 442 3863 collatum
473 3798 586 3876 fuerit,
620 3797 808 3862 auctoritate
832 3798 939 3862 vestra
962 3798 1013 3861 vel
1036 3818 1095 3882 per
1118 3819 1173 3861 vos
1197 3797 1407 3882 appropriare
1430 3796 1545 3861 vestris

292 3887 403 3960 usibus
442 3886 493 3952 vel
531 3887 566 3951 in
604 3887 675 3950 illos
714 3889 899 3951 convertere
937 3906 1004 3949 non
1042 3886 1188 3970 possitis,
1227 3887 1317 3951 vobis
1356 3886 1545 3950 auctoritate

294 3977 495 4061 presentium
538 3975 752 4062 indulgemus.
820 3975 910 4040 Nulli
953 3995 1031 4060 ergo
1069 3977 1201 4039 omnino
1238 3975 1405 4040 hominum
1443 3975 1545 4054 liceat,

292 4064 376 4130 hanc
413 4067 571 4152 paginam
609 4067 718 4130 nostre
756 4064 969 4129 concessionis
1006 4064 1187 4149 iufringere
1226 4065 1276 4130 vel
1310 4065 1339 4128 ei
1378 4087 1457 4129 ausu
1494 4067 1545 4128 te-

292 4155 428 4220 merario
452 4155 618 4220 contraire.
663 4151 697 4219 Si
728 4154 799 4239 quis
830 4155 937 4218 autem
968 4152 1028 4216 hoe
1059 4155 1221 4218 attentare
1251 4154 1469 4239 presumserit,
1492 4153 1545 4217 in·

293 4243 515 4330 dignationem
539 4244 771 4329 omnipotentis
801 4243 853 4307 dei
883 4245 916 4305 et
945 4244 1113 4307 beatorum
1136 4243 1223 4307 Patri
1246 4247 1279 4307 et
1301 4243 1393 4307 Pauli
1415 4243 1545 4327 aposto-

292 4334 399 4398 lorum
423 4334 492 4418 ejus
516 4355 550 4397 se
574 4333 700 4399 noverit
722 4333 934 4397 incursurum.
980 4331 1100 4397 Datum
1124 4332 1269 4412 Viterbii,
1292 4332 1364 4399 Vll.
1387 4332 1428 4396 id.
1449 4331 1544 4397 Octo-

293 4422 359 4490 bris
384 4442 471 4487 anno
496 4421 542 4492 1⁰.
