3464 5280
331 559 372 626 78
772 561 962 616 Nicotaus
979 565 1035 619 m.
1057 565 1133 616 1219.

331 726 426 789 1278.

254 895 256 902 .
328 851 402 913 Nov.
437 850 465 914 i.
487 850 605 913 Rome
627 845 730 913 latino
745 850 871 913 Ostiensi
885 855 916 914 et
930 851 1105 940 velletrensi
1119 854 1253 931 episcopo
1267 855 1359 931 apost.
1374 853 1450 915 sedis
1470 853 1581 933 legato.

488 941 572 1013 Quod
586 941 651 1019 ejus
665 942 764 1002 literas
778 945 896 1020 aceepit.
918 943 1031 1004 laudat
1052 943 1116 1021 ejus
1130 943 1316 1022 diligentiam
1330 944 1363 1004 in
1376 945 1581 1022 prosecutione

481 1047 540 1091 sue
554 1032 719 1110 legationis
734 1063 780 1076 ·-
794 1032 916 1105 „Visis“.
938 1033 1004 1096 VIL
1018 1032 1058 1094 io
1074 1034 1147 1095 No'v.
1164 1035 1206 1095 42
1221 1051 1251 1110 p.
1268 1035 1309 1094 42
1326 1034 1360 1096 Β.
1378 1049 1381 1066 ’
1512 1038 1580 1094 998

349 1177 368 1210 ,,
416 1136 465 1198 13.
487 1137 597 1197 Rome
618 1136 716 1214 apud
738 1155 761 1198 s.
782 1138 945 1200 Petrum.
967 1139 1001 1200 B.
1016 1139 1149 1217 episeopo
1170 1140 1339 1219 liugubino.
1361 1139 1579 1200 Declarationes

488 1227 628 1304 quasdam
647 1227 677 1287 ei
697 1227 874 1288 transmittit
893 1245 948 1305 pro
969 1229 1140 1307 colligendis
1161 1228 1281 1290 decimis
1299 1231 1370 1290 satis
1383 1229 1519 1306 prolixas.
1534 1259 1582 1273 -

490 1317 581 1390 „dnm
595 1333 649 1393 pro
662 1317 808 1395 negotio“.
829 1317 869 1379 id.
884 1318 958 1379 Nov.
977 1317 1038 1378 190
1054 1337 1082 1394 p.
1099 1319 1141 1378 45
1157 1318 1193 1380 Α.
1513 1323 1581 1380 939

351 1465 369 1496 ,,
418 1422 466 1483 16.
489 1423 606 1483 Rome.
629 1423 733 1484 Latino
748 1423 873 1485 Ostiensi
887 1426 918 1484 et
932 1425 1106 1487 Velletrensi
1127 1425 1260 1503 episcopo
1274 1426 1365 1503 apost
1381 1425 1457 1486 sedis
1471 1425 1581 1503 legato.

488 1512 623 1591 Acceptis
637 1513 702 1590 ejus
717 1514 810 1573 literis
826 1513 949 1592 gaudet,
973 1514 1052 1591 quod
1067 1514 1163 1575 (luido
1178 1533 1272 1575 comes
1287 1516 1322 1576 de
1337 1514 1516 1575 Montefiltro
1531 1532 1581 1575 ec·

489 1601 574 1663 olesie
595 1603 739 1663 mandatis
761 1619 792 1663 se
814 1602 982 1664 conformet.
997 1636 1041 1651 -
1056 1603 1124 1678 „Ex
1146 1605 1272 1665 literis‘t
1296 1604 1370 1667 XVI.
1386 1605 1437 1664 lml
1450 1603 1519 1665 Dec.
1536 1605 1580 1664 43

351 1841 368 1872 „
415 1799 467 1861 22.
556 1841 574 1873 ‚,
663 1798 737 1878 Regi
752 1798 858 1860 Sicilie.
879 1798 1024 1860 Hortatur
1038 1817 1121 1872 eum,
1143 1801 1180 1860 ut
1193 1816 1247 1876 pro
1260 1816 1331 1878 paee
1344 1799 1474 1860 ineunda
1487 1818 1522 1861 ao
1534 1799 1582 1860 fa-

352 1901 354 1905 ‘
488 1887 574 1948 cilius
588 1888 786 1965 componenda
805 1888 997 1965 interipsum
1011 1889 1088 1950 etR.
1104 1889 1301 1952 Romanorum
1315 1907 1417 1967 regem
1431 1891 1464 1950 in
1478 1890 1581 1966 aliquo

487 1977 550 2038 loco
566 1979 613 2038 sui
626 1978 713 2056 regni
727 1978 852 2040 vicinius
875 1977 912 2038 ed
935 1979 1033 2055 ipsum
1056 1997 1162 2056 papam
1185 1979 1380 2055 approximet,
1404 1980 1441 2039 ut
1455 1978 1582 2040 celerius

486 2067 600 2144 possint
613 2068 693 2128 mitti
707 2067 814 2129 nuntii.
823 2101 868 2113 -
876 2068 976 2144 „Inter
984 2067 1120 2130 ceraso.
1129 2067 1163 2128 X.
1173 2068 1232 2129 kul.
1241 2068 1307 2128 Dec
1318 2069 1360 2128 44
1369 2087 1398 2144 p.
1409 2069 1451 2129 43
1461 2069 1496 2130 Β.
1511 2073 1580 2132 941

328 2191 395 2255 Dec.
435 2191 463 2254 3.
487 2192 597 2253 Rome
618 2192 717 2270 apud
739 2211 760 2252 s.
782 2192 945 2254 Petrum.
969 2192 1080 2254 Simoni
1100 2193 1147 2254 tit.
1169 2211 1192 2254 s.
1207 2193 1310 2254 Oecilie
1329 2193 1500 2270 presbytero
1515 2210 1581 2254 ear-

487 2281 580 2341 dinali
594 2283 685 2359 apost.
701 2280 777 2342 sedis
791 2282 898 2360 legato.
920 2283 960 2342 Ut
974 2290 1074 2360 regem
1089 2283 1208 2342 nmero
1223 2281 1260 2343 eb
1274 2281 1445 2344 invadendis
1457 2281 1582 2358 juribus

488 2370 779 2448 ecolesieBajoeensis
794 2371 902 2447 atejus
917 2372 1051 2450 episeopo
1065 2371 1265 2448 persequendo
1280 2371 1421 2432 cohibeat.
1431 2403 1473 2418 -
1483 2371 1582 2446 „Que-

487 2460 579 2520 relam
595 2464 739 2538 gravem‘t
763 2461 817 2520 111.
832 2479 901 2548 non.
916 2461 983 2520 Dec
1003 2460 1064 2522 163
1080 2480 1114 2538 p.
1122 2460 1183 2520 101
1194 2459 1491 2546 lvd-RQ
1513 2465 1586 2528 942

342 2565 374 2644 (,‚
443 2567 485 2646 3.)
552 2565 596 2645 (,,)
662 2567 737 2646 Regi
750 2567 882 2627 Rauda
902 2565 987 2640 Quod
998 2567 1147 2644 quonlam
1168 2567 1233 2644 ejus
1254 2565 1292 2626 ad
1309 2568 1412 2646 regine
1426 2585 1583 2643 personam

486 2656 685 2734 paurum
697 2659 801 2718 aare
812 2657 980 2735 episcopum
994 2657 1181 2734 Bajooenaem
1195 2657 1314 2734 aceepit,
1330 2655 1366 2716 de
1380 2675 1440 2734 qua
1453 2657 1517 2734 ipse
1530 2657 1582 2716 in·

488 2748 594 2824 quirat,
610 2764 670 2806 non
684 2748 783 2810 temen
791 2745 856 2806 ideo
865 2746 902 2807 ab
911 2765 945 2808 eo
953 2746 1117 2808 invadenda
1125 2763 1187 2807 esse
1201 2745 1278 2806 bona
1292 2745 1410 2808 ecclesie
1425 2745 1583 2826 significat.

273 2915 274 2920 ἵ
489 2867 529 2880 -
547 2835 689 2909 „Querda
704 2836 828 2914 gravffl.
855 2835 918 2896 164
933 2854 962 2914 p.
981 2835 1042 2897 107
1059 2836 1112 2921 4,.
1513 2839 1582 2898 948

345 2941 375 3018 (,,
444 2941 486 3020 3.)
554 2940 598 3020 (,,)
665 2941 832 3004 Memoriale
845 2941 994 3004 inclusum
1008 2943 1041 3002 in
1055 2942 1199 3018 superiori
1214 2943 1315 3014 litera,
1340 2960 1399 3019 qno
1413 2941 1511 3004 brevis
1525 2960 1582 3019 pa·

458 3045 461 3050 ·
487 3032 572 3092 terna
585 3030 712 3092 hortatio
727 3032 901 3093 continetur.
911 3065 956 3076 -
970 3031 1045 3106 „Fili
1059 3032 1232 3094 carissime“.
1251 3031 1313 3092 165
1322 3049 1352 3108 p.
1365 3032 1426 3092 108
1436 3031 1490 3117 42.
1513 3035 1583 3094 944

351 3179 369 3212 ,,
417 3137 466 3200 18.
556 3178 573 3209 ‚,
663 3137 778 3198 siffrido
794 3135 830 3198 de
843 3138 986 3217 Anagnia
1010 3137 1050 3198 Ut
1070 3139 1162 3215 possit
1184 3138 1240 3199 sibi
1260 3138 1413 3216 religiosos
1433 3137 1513 3200 viros
1526 3156 1583 3214 pro

489 3226 651 3286 diomatnm
664 3226 876 3304 interpretibus
890 3246 1044 3290 assumere.
1061 3261 1105 3271 -
1119 3228 1212 3302 „Cum
1225 3228 1283 3288 te“.
1306 3227 1367 3290 XV.
1381 3227 1439 3288 kal
1455 3227 1521 3288 dan.
1538 3228 1582 3288 53

351 3467 368 3498 ,,
415 3424 465 3486 21.
488 3423 606 3484 Rome.
628 3422 661 3484 P.
679 3422 812 3497 21‚502:
827 3421 1067 3500 Archiepiscopis,
1082 3422 1224 3501 episcopis
1239 3425 1292 3484 etc.
1307 3421 1582 3499 perAlemanniam.

489 3513 529 3574 Ut
549 3511 694 3574 ratificent
709 3514 745 3573 ut
760 3530 857 3591 supra.
883 3514 923 3573 50
939 3530 968 3590 p.
985 3513 1026 3573 48
1042 3514 1076 3574 B.
1135 3514 1173 3573 In
1186 3531 1211 3573 e.
1221 3532 1266 3573 m.
1280 3512 1493 3590 archiepiscopo
1508 3513 1582 3574 Bre-

488 3602 583 3663 mensi
598 3604 629 3662 et
643 3601 717 3663 aliis.
739 3602 816 3662 Item
830 3601 899 3664 duci
913 3601 949 3662 de
963 3601 1137 3663 Brunswich
1152 3603 1182 3662 et
1196 3602 1270 3662 aliis
1515 3605 1582 3664 940

348 3706 379 3784 (,,
426 3707 491 3787 21.)
559 3707 601 3782 (,,)
668 3707 787 3780 Forma,
810 3709 971 3772 seeundum
992 3727 1082 3786 quam
1095 3708 1242 3785 principes
1256 3708 1429 3770 Alemannis
1442 3709 1584 3769 tenentur

221 3894 223 3897 .
489 3795 857 3874 rutilimreetjum—
873 3799 953 3876 „llos
965 3798 1274 3876 princpes-inpetis.-
1295 3797 1336 3858 51
1351 3817 1382 3876 p.
1398 3799 1441 3860 49
1456 3800 1489 3860 Β.
1515 3802 1579 3862 947

332 3933 561 4000 snit-rats.

329 4081 618 4146 Deo.26.-Deo.25.
641 4114 686 4126 -
708 4079 829 4143 Gifllido
844 4081 880 4143 de
888 4081 1031 4161 Atragnia
1055 4082 1138 4154 Quod
1151 4083 1282 4159 partium
1290 4082 1458 4145 Romaniole
1472 4083 1581 4145 intrin-

489 4172 547 4233 seei
568 4173 599 4232 et
619 4171 773 4232 extrinseci
796 4172 828 4231 in
849 4189 924 4249 pape
945 4191 1068 4249 persona
1088 4175 1351 4249 compromiserunt
1364 4189 1418 4249 pro
1438 4172 1581 4234 firmanda

489 4261 648 4324 concordia.
662 4294 707 4307 -
721 4262 783 4335 „De
797 4262 911 4323 variar.
938 4262 978 4322 50
994 4280 1023 4338 p.
1041 4261 1081 4322 38
1097 4262 1150 4348 Αἱ.
1515 4267 1581 4325 948

353 4413 371 4447 ,,
391 4337 493 4432 'ae-
514 4411 532 4442 „
557 4369 608 4431 25.
630 4403 676 4416 -
697 4369 741 4430 oe
755 4368 856 4430 eadem
869 4368 998 4432 neura
1013 4369 1172 4430 conetur
1197 4369 1247 4443 51,
1265 4367 1477 4456 5238031.
1515 4374 1582 4433 ere

353 4519 371 4553 „
396 4476 492 4538 26.-
516 4518 533 4549 ‚‚
558 4477 608 4536 25.
632 4509 675 4522 -
698 4476 884 4550 Memoriam,
914 4476 994 4552 quod
1024 4493 1122 4536 secum
1151 4478 1344 4554 portaverunt
1372 4477 1406 4538 B.
1430 4477 1583 4555 episeopus

491 4564 682 4626 Grossetarrus
697 4565 793 4626 etalii
806 4583 881 4645 pape
895 4565 995 4646 legati,
1012 4585 1071 4645 quo
1086 4567 1265 4628 exactissime
1280 4567 1486 4640 instruuntur,
1509 4565 1582 4648 qnid
1705 4583 1706 4598 ¹
