3464 5280
272 545 334 609 140

270 704 399 770 demum
422 703 458 770 in
487 703 671 789 hujusmodi
701 703 840 770 termino
870 704 1064 770 venerabilis
1093 705 1195 768 frater
1223 706 1333 769 111111
1363 701 1523 769 Martinus

268 794 481 879 Legionensis
513 793 682 878 episcopus
713 796 745 857 et
776 793 883 859 dilecti
912 793 985 872 filii,
1017 793 1166 879 magistri
1195 793 1363 858 lohannes
1395 791 1523 858 Alfonsi

266 882 834 1036 1111111111,111111111111111111111
848 881 1409 1035 (11111111111111,11111111111011
1423 883 1522 947 Ρ1111

267 993 1342 1145 ,1111111111111111111111
1356 993 1522 1145 ,erm

266 1149 404 1214 eundem
433 1172 545 1237 regem
576 1151 616 1215 ad
646 1150 885 1235 suscipiendum
915 1150 955 1214 11
984 1149 1085 1234 111111
1115 1149 1347 1233 predecessoris
1370 1150 1519 1215 manibus

264 1239 392 1323 imperii
415 1239 562 1304 diadema
584 1241 689 1304 vocari
713 1242 745 1303 et
764 1240 858 1324 juxta
881 1240 1052 1324 petitiones
1084 1239 1163 1303 alias
1190 1241 1352 1323 porrectas
1376 1239 1417 1304 ab
1440 1241 1519 1323 ipsis

265 1330 298 1393 et
319 1329 396 1394 tune
419 1329 453 1392 in
477 1329 651 1393 eorundem
679 1329 910 1412 predecessoris
941 1331 974 1393 et
1003 1328 1139 1393 fratrum
1169 1328 1334 1411 presentia
1362 1331 1518 1413 repetitas

263 1417 300 1482 in
322 1417 455 1502 negotio
479 1418 621 1502 predicto
644 1417 780 1504 procedi,
806 1418 936 1483 adverse
967 1418 1069 1502 partis
1100 1417 1247 1482 absentia
1270 1438 1337 1481 111
1360 1418 1519 1484 obstante.

263 1508 383 1573 Verum
408 1506 515 1571 dilecti
537 1507 605 1585 filii,
626 1508 782 1592 magister
807 1505 997 1572 Guillelmus
1020 1507 1179 1571 Roffensis
1213 1505 1453 1572 archidiaconus
1486 1510 1520 1572 et

265 1593 455 1661 Guillelmus
479 1596 518 1659 de
540 1594 700 1675 01111111,
723 1596 882 1681 capellani
905 1596 1016 1674 nostri,
1041 1617 1076 1659 11
1100 1596 1257 1660 Robertus
1280 1595 1319 1658 de
1343 1595 1438 1673 Baro,
1463 1597 1518 1680 qui

263 1683 343 1749 alias
366 1705 424 1769 pro
448 1684 559 1749 eodem
583 1686 682 1750 electo
705 1685 888 1770 hujusmodi
910 1686 1078 1770 negotium
1101 1685 1232 1748 fuerant
1250 1685 1418 1768 prosecuti,
1443 1685 1516 1769 q'ui·

262 1771 397 1837 busdam
419 1773 569 1838 exhibitis
585 1796 644 1858 pro
660 1775 730 1858 ipso
747 1775 953 1840 excusatoriis
976 1775 1092 1838 litteris
1117 1773 1259 1857 ejusdem
1283 1774 1375 1838 electi
1399 1774 1516 1838 absen-

262 1862 350 1940 tiam,
374 1863 463 1946 cujus
487 1883 598 1927 causas
621 1864 848 1941 turbationem,
872 1863 1020 1929 videlicet
1041 1863 1137 1948 regni
1161 1862 1280 1947 Anglie
1304 1885 1341 1926 11
1363 1863 1443 1928 alias
1466 1863 1515 1928 di·

262 1951 378 2015 cebant
400 1973 469 2016 esse
493 1953 644 2030 notorias,
669 1956 856 2018 excusantes
878 1953 1065 2038 allegabant
1094 1950 1291 2016 multimodis
1320 1974 1357 2015 eo
1382 1951 1514 2017 absente

262 2061 298 2105 ae
320 2040 430 2104 taliter
450 2040 613 2125 impedito,
636 2063 703 2106 non
727 2063 795 2106 esse
818 2043 854 2106 11
877 2043 961 2106 dicto
984 2041 1130 2126 negotio
1146 2040 1393 2124 procedendum.
1439 2042 1516 2105 Pre-

261 2129 363 2194 dietus
388 2132 496 2194 autem
523 2130 728 2214 predecessor
750 2130 813 2194 hiis
838 2133 870 2194 et
893 2130 979 2210 aliis,
1004 2152 1065 2214 qne
1088 2130 1221 2193 fuerunt
1242 2128 1319 2193 hine
1341 2129 1416 2193 inde
1440 2151 1515 2213 pro-

260 2218 374 2303 posita,
397 2218 525 2302 plenius
548 2219 721 2283 intellectis
751 2223 783 2282 et
815 2241 885 2283 cum
916 2219 1066 2304 predictis
1096 2218 1251 2282 fratribus
1274 2219 1372 2302 plena
1394 2218 1515 2283 delibe-

260 2308 385 2372 ratione
416 2306 579 2386 discussis,
612 2307 801 2372 deliberavit
830 2330 902 2373 cum
934 2309 1054 2374 eisdem
1083 2307 1236 2372 fratribus
1266 2313 1343 2372 tunc
1372 2306 1515 2372 indicto

260 2396 393 2482 negotio
415 2417 598 2480 processum
621 2418 722 2475 suum,
746 2418 808 2481 quo
826 2397 865 2462 ad
882 2419 927 2474 ea,
944 2419 1006 2483 que
1023 2397 1179 2482 premissa
1194 2396 1303 2460 citatio
1318 2397 1512 2476 continebat,

260 2506 300 2549 ex
322 2485 486 2571 premissis
511 2487 544 2550 et
567 2485 638 2550 aliis
657 2485 754 2569 justis
778 2487 881 2551 causis
912 2489 945 2550 et
969 2486 1170 2551 evidentibus
1194 2486 1427 2550 sustinendum.
1473 2486 1514 2550 nt

259 2574 331 2640 ideo
350 2574 478 2660 juribus
501 2574 642 2658 partium
667 2575 792 2659 etipse
816 2576 948 2661 negotio
980 2577 1014 2640 in
1038 2573 1187 2639 omnibus
1211 2576 1245 2638 et
1266 2595 1325 2658 per
1347 2575 1456 2639 omnia
1478 2575 1512 2638 in

260 2685 298 2730 eo
320 2666 415 2742 statu,
439 2664 475 2728 in
498 2685 561 2748 quo
584 2666 662 2728 tune
685 2666 790 2743 erant,
814 2665 946 2729 omnino
969 2663 1185 2741 manentibus,
1207 2663 1382 2726 terminum
1412 2685 1512 2749 usque

260 2754 301 2818 ad
325 2775 447 2817 annum
470 2752 719 2837 computandum
744 2776 762 2817 1
785 2753 868 2818 festo
891 2753 979 2817 beati
1004 2753 1131 2817 Andree
1156 2752 1309 2836 apostoli,
1333 2755 1411 2817 tunc
1432 2774 1512 2818 ven·

259 2844 331 2907 turo
354 2842 514 2926 proximo,
538 2842 733 2927 prorogavit.
779 2842 820 2906 Et
849 2841 924 2906 lieet
953 2843 988 2907 in
1018 2842 1156 2906 termino
1186 2841 1257 2924 ipso
1287 2863 1345 2926 per
1375 2841 1512 2906 eundem

258 2930 514 3016 predecessorem
536 2930 645 2994 taliter
667 2933 841 3016 prorogato
865 2934 897 2995 et
921 2931 1019 2995 etiam
1042 2932 1174 3015 propter
1189 2930 1303 3014 ipsum,
1326 2930 1511 2995 nominatus

258 3019 415 3106 magister
436 3017 601 3097 Radulfus‚
625 3020 785 3099 notarius,
817 3021 951 3085 nuntius
981 3022 1013 3083 et
1035 3021 1222 3106 procurator
1251 3019 1337 3104 regis
1368 3018 1511 3103 predicti,

257 3109 471 3194 comparuerit
493 3129 599 3172 11111
622 3108 714 3173 11111
737 3110 852 3192 111111
884 3109 1058 3187 instanter,
1089 3108 1171 3172 sieut
1202 3109 1235 3170 et
1265 3107 1344 3172 alias
1374 3108 1512 3191 petierat

258 3220 316 3284 per
339 3219 398 3262 nos
421 3198 456 3261 in
480 3197 611 3282 negotio
634 3197 704 3281 ipso
727 3197 867 3283 procedi,
892 3221 951 3263 nos
967 3202 1077 3262 tamen
1093 3196 1281 3281 diligentius
1298 3195 1511 3274 attendentes,

259 3287 357 3372 quod,
389 3287 450 3351 etsi
479 3287 589 3350 finitus
617 3289 701 3350 esset
724 3310 743 3350 a
766 3286 849 3351 dicto
880 3287 1102 3371 predecessore
1135 3285 1239 3349 omnis
1269 3306 1420 3349 numerus
1444 3284 1510 3349 edi-

257 3379 388 3454 ctorum,
413 3374 529 3439 decens
551 3379 662 3440 tamen
687 3379 735 3440 est
759 3379 792 3440 et
810 3376 876 3459 juri
899 3397 1092 3454 consonum,
1123 3373 1208 3459 quod
1232 3396 1332 3438 unum
1355 3374 1469 3438 saltem
1493 3397 1512 3438 a

256 3466 349 3530 nobis
373 3467 503 3528 emanet
526 3464 671 3542 edictum,
696 3464 892 3549 providimus
916 3487 983 3529 non
1013 3486 1082 3530 esse
1107 3463 1146 3528 ad
1170 3485 1303 3548 presens
1326 3463 1362 3528 in
1385 3461 1511 3548 prefato

257 3554 389 3641 negotio
405 3552 640 3638 procedendum
656 3553 799 3638 illudque
815 3576 916 3639 usque
933 3553 973 3619 ad
990 3554 1075 3618 diem
1084 3553 1220 3620 Veneris
1237 3553 1369 3637 propter
1391 3551 1511 3616 festum

257 3642 451 3728 llpyphanie
467 3640 590 3707 domini
605 3643 750 3726 proximo
767 3646 947 3722 venturum,
969 3642 1153 3708 immediate
1170 3643 1358 3726 sequentem
1375 3661 1510 3725 suspen-

257 3731 361 3796 dimus
386 3751 422 3795 ac
445 3731 596 3815 predictis
620 3732 727 3796 electis
758 3732 843 3797 diem
873 3733 978 3818 ipsam
1009 3732 1157 3797 duximus
1182 3730 1277 3814 juxta
1300 3729 1511 3815 prescriptum

256 3820 387 3885 modum
410 3819 446 3883 11
469 3821 696 3905 prorogatione
720 3821 796 3886 dicti
818 3822 950 3887 termini
981 3843 1039 3907 per
1061 3821 1224 3907 prefatum
1246 3819 1510 3904 predecessorem,

257 3911 294 3974 ut
317 3908 500 3995 predicitur,
524 3909 610 3972 facta
632 3912 820 3974 contentum
843 3932 901 3995 pro
924 3910 1140 3996 peremptorio
1169 3908 1309 3973 termino
1339 3907 1510 3993 assiguan-

257 3998 339 4063 dam.
386 3996 538 4079 Quocirca
567 3998 773 4077 mandamus,
804 4001 963 4084 quatenus
994 4000 1156 4084 prefatum
1177 3997 1214 4062 R.
1237 3997 1273 4062 11
1294 3995 1511 4061 Romanorum

255 4108 368 4173 regem
384 4087 520 4154 electum
543 4107 601 4173 per
616 4091 649 4152 te
665 4088 716 4152 vel
739 4110 797 4173 per
821 4088 919 4154 alium
942 4111 998 4154 seu
1023 4088 1101 4152 alios
1126 4109 1164 4151 ex
1187 4088 1279 4171 parte
1302 4089 1414 4150 nostra
1436 4106 1510 4170 per·

257 4176 413 4261 emptoria
436 4175 534 4240 citare
557 4197 718 4262 procures,
750 4179 787 4242 ut
819 4199 919 4263 usque
945 4177 984 4242 ad
1007 4175 1183 4262 predictam
1214 4173 1299 4239 diem
1322 4196 1380 4259 per
1402 4196 1436 4238 se
1459 4173 1511 4238 vel

255 4267 494 4351 procuratorem
504 4265 663 4344 idoneum,
681 4266 720 4330 ad
736 4267 893 4352 premissa
910 4267 1106 4331 sufficienter
1120 4265 1321 4340 instructum,
1339 4262 1510 4348 apostolico

256 4375 290 4420 se
306 4354 491 4439 conspectui
504 4358 716 4440 representet.
756 4356 850 4422 Diem
874 4357 983 4420 autem
998 4354 1158 4420 citationis
1174 4354 1208 4418 et
1222 4353 1357 4417 formam
1375 4356 1408 4417 et
1422 4352 1510 4438 quic·

256 4441 333 4529 quid
347 4443 424 4508 inde
448 4443 570 4522 feceris,
594 4444 688 4510 nobis
704 4466 762 4530 per
777 4447 850 4511 tuas
866 4447 1015 4530 patentes
1031 4444 1156 4510 litteras
1172 4442 1287 4507 harum
1303 4442 1418 4506 seriem
1433 4463 1509 4506 111-

256 4533 401 4599 tinentes
417 4530 548 4599 studeas
563 4532 724 4598 intimare.
749 4534 868 4600 Datum
878 4535 1024 4615 Viterbii,
1042 4535 1082 4599 Il.
1092 4530 1244 4615 kalMaji
1259 4551 1346 4595 anno
1362 4530 1508 4596 secundo.
