3464 5280
804 394 828 438 Ι

266 542 329 605 124

263 721 341 778 sam,
363 701 513 765 utnulla
536 701 647 765 electio
669 701 704 765 in
727 723 830 786 regno
847 700 1016 769 Alamanie
1036 703 1139 780 fieret,
1163 703 1232 786 ejus
1255 701 1438 786 irrequisito
1463 725 1516 767 as-

262 812 367 867 sensu,
391 811 489 873 super
511 791 626 874 quibus
649 790 751 856 dictus
781 791 954 856 cardinalis
985 792 1025 855 ab
1056 791 1167 855 eodem
1190 792 1415 876 predecessore
1439 814 1516 877 spe-

260 879 338 942 ciale
361 877 550 944 mandatum
573 879 720 956 habebat,
745 879 951 945 denunciavit
974 881 1165 945 electionem
1183 880 1367 966 hujusmodi
1382 881 1515 965 penitus

259 967 384 1033 irritam
407 969 440 1032 et
463 967 653 1034 electionem
676 972 788 1052 postea
812 969 850 1033 de
873 970 945 1052 ipso
969 968 1108 1036 Volrado
1139 969 1332 1035 celebratam
1361 971 1515 1035 canonice

259 1058 298 1121 de
321 1057 458 1120 fratum
481 1079 611 1122 suorum
634 1057 765 1124 consilio
788 1059 996 1125 confirmavit.
1041 1057 1102 1122 Sed
1121 1059 1223 1123 dictus
1239 1058 1282 1138 L,
1307 1058 1514 1124 administra-

258 1145 340 1210 tioni
370 1146 573 1231 episcopatus
596 1147 876 1212 Halberstadensis
907 1169 941 1212 se
972 1149 1126 1231 ingerens
1157 1150 1190 1212 et
1218 1149 1449 1226 intromittens,
1473 1148 1512 1213 de

258 1234 328 1312 illc,
359 1237 492 1319 propter
522 1235 605 1319 quod
636 1236 768 1300 fuerunt
794 1238 830 1300 in
854 1258 927 1300 eum
952 1237 1141 1301 auctoritate
1164 1237 1321 1301 dictorum
1343 1237 1512 1322 predeces-

258 1324 337 1388 soris
362 1326 395 1387 et
417 1324 587 1389 cardinalis
618 1325 768 1409 exigente
795 1326 924 1410 justitia
954 1326 1319 1390 excommunicationum
1350 1328 1511 1391 sententie

257 1413 470 1497 promulgate,
494 1417 686 1498 personatus
716 1413 892 1500 dignitates
923 1415 1149 1480 ecclesiasticas
1179 1417 1211 1480 et
1234 1414 1389 1480 beneficia
1412 1417 1511 1481 ecele-

257 1502 392 1580 siastica,
416 1502 456 1566 ad
479 1502 681 1567 collationem
705 1502 780 1568 dicti
804 1505 896 1569 electi
920 1505 1109 1590 spectantia,
1133 1505 1285 1582 conferre,
1309 1527 1368 1569 nec
1391 1527 1458 1569 non
1478 1509 1512 1570 et

256 1593 368 1668 castra,
392 1590 492 1669 villae,
516 1593 734 1676 possessiones
757 1597 791 1658 et
813 1595 876 1658 alia
898 1594 983 1658 bona
999 1594 1191 1678 episcopalis
1206 1614 1326 1672 mense,
1349 1595 1435 1658 fame
1454 1617 1510 1659 sue

258 1680 412 1765 prodigus
437 1682 603 1748 etsalutis
627 1681 754 1760 oblitus,
777 1683 817 1746 de
837 1684 923 1747 facto
946 1682 1093 1760 vendere,
1116 1682 1284 1747 infeudare
1308 1685 1341 1747 et
1364 1683 1509 1768 obligare

256 1768 454 1853 presumpsit
481 1770 517 1833 in
546 1771 654 1834 anime
684 1792 740 1834 sue
770 1772 961 1855 perieulum,
1000 1772 1212 1855 plurimorum
1253 1772 1439 1836 scandalum
1477 1776 1509 1836 et

255 1859 398 1942 ipsorum
429 1858 520 1922 electi
550 1861 583 1922 εὴ
613 1860 743 1924 ecclesie
773 1883 840 1924 non
872 1860 1031 1924 modicum
1064 1861 1303 1926 detrimentum.
1356 1860 1508 1941 Quocirca

255 1946 457 2024 mandamus,
482 1950 656 2031 quatenus,
680 1949 769 2013 side
793 1949 979 2027 collatione,
1003 1949 1203 2028 venditione,
1226 1949 1449 2015 infeudatione
1473 1973 1508 2016 ac

255 2036 451 2121 obligatione
474 2037 657 2119 hujusmodi
679 2038 739 2102 tibi
762 2039 950 2118 constiterit,
974 2061 1027 2103 eas
1051 2040 1239 2103 auctoritate
1263 2042 1375 2104 nostra
1398 2039 1506 2105 decer·

254 2147 336 2190 nens
359 2126 490 2210 penitus
514 2147 580 2189 nou
603 2129 715 2191 tenere
731 2149 767 2191 ac
782 2127 981 2192 denuncians
1003 2128 1111 2192 irritas
1128 2131 1160 2191 εὴ
1174 2129 1289 2192 inanes
1313 2129 1367 2208 eis,
1392 2129 1507 2212 quibus

252 2214 338 2278 idem
361 2214 395 2278 L.
419 2218 611 2299 personatus
634 2216 810 2301 dignitates
834 2217 1061 2282 ecclesiasticas
1092 2220 1125 2280 et
1153 2217 1308 2281 beneficia
1335 2219 1408 2302 ipsa
1431 2239 1506 2282 con-

253 2303 329 2368 tulit
352 2305 385 2367 et
406 2303 479 2381 illis,
503 2304 538 2367 in
562 2305 677 2388 quibus
700 2308 813 2384 castra,
837 2307 938 2384 villas,
963 2307 1181 2390 possessiones
1206 2307 1238 2369 εὴ
1260 2307 1346 2371 bona
1361 2306 1506 2392 predicta

252 2392 362 2456 taliter
385 2392 544 2471 vendidit,
567 2393 748 2458 infeudavit
771 2398 803 2459 et
826 2395 997 2479 obligavit,
1028 2396 1068 2459 ab
1092 2396 1137 2459 eis
1161 2416 1291 2479 prorsus
1315 2396 1430 2460 amotis
1453 2417 1506 2460 ea-

253 2483 336 2564 stra,
365 2480 472 2560 villas,
502 2483 725 2566 possessiones
752 2486 785 2547 et
814 2483 900 2548 bona
930 2482 1042 2548 eadem
1073 2484 1112 2548 ad
1138 2484 1192 2567 jus
1216 2487 1250 2548 et
1272 2485 1505 2569 proprietatem

253 2569 335 2634 dicte
358 2591 469 2634 mense
492 2571 621 2636 studeas
643 2573 789 2657 legitime
811 2595 969 2638 revocare.
1016 2571 1191 2637 Contrariis
1211 2593 1278 2636 uon
1302 2573 1505 2639 obstantibus

252 2659 280 2724 si
303 2658 462 2743 aliquibus
487 2662 536 2724 est
558 2662 598 2725 ab
622 2661 735 2725 eadem
758 2661 832 2726 sede
855 2661 1031 2740 indultum,
1056 2661 1140 2745 quod
1163 2662 1327 2743 interdici,
1351 2663 1506 2748 suspendi

253 2749 286 2815 et
308 2749 574 2814 excommunicari
589 2771 645 2814 seu
660 2753 745 2815 terre
767 2751 912 2835 ipsorum
936 2753 1078 2835 supponi
1102 2752 1312 2816 ecclesiastico
1335 2751 1504 2816 interdicto

251 2858 319 2901 non
348 2837 478 2921 possint
507 2860 566 2922 per
595 2840 718 2904 litteras
749 2840 955 2924 apostolicas,
987 2861 1048 2923 que
1072 2839 1111 2904 de
1134 2840 1278 2924 ipsorum
1302 2841 1449 2925 personis
1473 2843 1506 2906 et

251 2925 436 2990 nominibus
461 2949 497 2991 ac
519 2929 587 2992 toto
611 2931 723 2992 tenore
746 2929 866 2993 indulti
887 2928 1070 3013 hujusmodi
1093 2930 1225 3013 plenam
1256 2932 1289 2994 et
1320 2951 1505 3013 expressam

251 3036 318 3079 non
347 3015 484 3079 fecerint
513 3018 711 3082 mentionem
742 3039 778 3082 ac
811 3018 956 3102 qualibet
987 3018 1051 3082 alia
1081 3017 1287 3103 indulgentia
1319 3019 1504 3104 cuicumque

251 3125 389 3189 persone
413 3105 464 3169 vel
487 3106 555 3169 loco
579 3107 638 3170 sub
662 3128 861 3191 quacumque
884 3109 989 3171 forma
1004 3106 1055 3171 vel
1072 3108 1278 3191 expressione
1291 3107 1505 3185 verboruma

250 3193 336 3257 dicta
359 3193 434 3257 sede
458 3215 624 3272 concessa,
648 3216 707 3280 per
730 3218 793 3281 que
815 3195 999 3280 hujusmodi
1022 3195 1167 3260 mandati
1190 3197 1333 3261 executio
1355 3197 1505 3282 impediri

251 3283 358 3347 valeat
381 3283 432 3347 vel
456 3282 577 3348 differri
600 3283 696 3348 etde
720 3307 783 3370 qua
805 3285 841 3349 in
864 3286 982 3349 nostris
1012 3285 1128 3349 litteris
1152 3286 1274 3350 mentio
1297 3286 1367 3350 fieri
1389 3286 1505 3351 debeat

250 3371 396 3457 specialis
427 3373 460 3435 et
487 3373 715 3438 constitutione
745 3373 785 3438 de
807 3373 930 3440 duabus
953 3374 1048 3439 dietis
1073 3374 1158 3438 edita
1180 3375 1216 3438 in
1239 3374 1372 3439 concilio
1396 3397 1499 3460 gene·

248 3461 317 3526 rali.
326 3459 350 3544 1)
404 3460 510 3525 Nullis
542 3463 658 3527 litteris
690 3463 820 3529 veritati
851 3466 885 3527 et
911 3463 1037 3548 justitie
1070 3462 1345 3547 prejudicantibus
1376 3486 1395 3528 a
1426 3462 1499 3530 sede

250 3550 424 3634 apostolica
445 3549 627 3636 impetratis
657 3552 708 3618 vel
738 3553 835 3617 etiam
862 3551 1075 3637 impetrandis
1099 3553 1220 3617 Datum
1245 3553 1404 3637 Anagnia,
1427 3553 1498 3618 XII.

184 3623 188 3636 ’
248 3639 312 3704 kal.
338 3639 479 3723 Augusti
502 3662 589 3705 anno
617 3638 662 3705 1⁰.

324 3797 720 3866 saumana

865 3961 894 4025 5.

336 4105 521 4170 Aloanda
543 4103 606 4170 IV.
630 4105 797 4190 emanat
817 4103 969 4190 Philippo
993 4105 1030 4169 de
1053 4105 1173 4170 Sauro
1198 4101 1296 4170 Orare
1319 4105 1503 4170 donationes

248 4209 277 4277 ei
296 4211 409 4296 saetas
438 4212 475 4275 de
504 4220 592 4277 terro
621 4211 741 4278 Burob'
770 4220 800 4276 et
826 4210 999 4298 Moaopob'.
1032 4212 1070 4296 of.
1101 4212 1163 4277 Nr.
1193 4215 1246 4278 87.
1297 4211 1503 4298 Ampelio,

248 4317 354 4388 1256
376 4318 482 4403 Aua.
505 4318 571 4386 31.

336 4458 537 4540 Patriarchis,
561 4459 816 4546 archiepiscopis,
841 4458 1020 4539 abbatibus,
1045 4460 1214 4545 prioribus,
1239 4460 1376 4540 decanis,
1396 4460 1499 4526 archi-

247 4549 387 4616 diaconis
411 4552 445 4615 et
467 4548 538 4614 aliis
561 4549 764 4614 ecclesiarum
782 4549 916 4635 prelatis
933 4571 969 4614 ac
984 4550 1144 4616 nobilibus
1160 4550 1236 4616 viris
1252 4549 1500 4630 marchionibus,
