3404 5280
539 717 1077 795 1111111111111112711277.

154 923 158 929 ’
271 918 368 981 Extat
390 921 496 981 tomus
520 939 612 981 unus.

274 1043 301 1111 1.
324 1041 467 1126 Registri
475 1045 582 1106 tomus
591 1042 624 1118 1,
635 1063 740 1106 annus
750 1043 782 1120 I.,
793 1042 848 1126 qui
857 1042 974 1127 incipit
983 1043 1024 1108 ab
1034 1065 1121 1109 anno
1135 1043 1257 1109 domini
1269 1043 1437 1130 1276.(Α.)

273 1167 302 1230 2.
326 1165 421 1230 Aliud
436 1166 610 1251 registrum
627 1167 769 1252 ejusdem
787 1189 872 1252 pape
889 1167 991 1253 ligato
1010 1167 1121 1233 eodem
1135 1171 1223 1233 tomo
1239 1167 1308 1257 (A),
1322 1169 1358 1233 in
1374 1191 1438 1254 quo

182 1293 293 1356 tamen
309 1291 465 1355 nonnulla
481 1290 713 1356 desiderantur.
740 1291 860 1376 Incipit
875 1315 895 1356 a
910 1314 1044 1356 numero
1060 1292 1270 1378 epistolarum
1280 1295 1332 1359 31.
1351 1293 1402 1382 (A,
1413 1292 1435 1381 .)

601 1503 643 1576 II.
666 1501 1019 1578 111111111111277.

275 1663 322 1729 Cf.
346 1663 379 1729 C.
402 1666 455 1730 49.
498 1677 500 1681 ’

566 1822 785 1896 1111111111
807 1823 853 1896 111.
875 1822 1054 1897 1277-2111,

276 2021 303 2085 1.
326 2019 469 2106 Registri
478 2022 583 2084 tomus
593 2021 626 2096 I,
637 2022 784 2097 annual,
794 2020 850 2105 qui
859 2020 974 2104 incipit
982 2020 1023 2085 ab
1032 2042 1119 2084 anno
1129 2020 1252 2085 domini
1264 2021 1360 2087 1278.
1369 2018 1437 2108 (A)

185 2142 339 2209 Continet
361 2145 459 2209 etiam
483 2145 608 2210 litteras
630 2144 764 2210 curiales
788 2145 931 2229 ejusdem
955 2145 1043 2210 anni.
1069 2142 1156 2234 (A1.)

273 2270 302 2339 2,
325 2268 476 2352 Ejusdem
499 2269 630 2355 registri
658 2271 764 2334 tomus
788 2268 821 2346 1,
852 2291 957 2334 annus
981 2269 1030 2347 11,
1062 2270 1118 2354 qui
1146 2269 1262 2354 incipit
1285 2269 1326 2334 ab
1350 2291 1437 2334 anno

184 2391 306 2458 domini
319 2394 413 2460 1279.
424 2392 507 2482 (A2.)
532 2391 687 2458 Continet
702 2392 801 2458 etiarn
816 2393 942 2458 litteras
952 2393 1086 2458 curiales
1097 2393 1239 2477 ejusdem
1250 2393 1337 2458 anni.
1349 2392 1435 2482 (Aa.)

273 2517 302 2580 3.
325 2515 477 2600 Ejusdem
499 2517 630 2602 registri
652 2520 757 2582 tomus
781 2517 814 2595 1,
842 2540 947 2583 annus
970 2517 1037 2596 III,
1069 2517 1125 2602 qui
1147 2517 1263 2602 incipit
1285 2518 1326 2581 ab
1349 2538 1437 2581 anno

184 2638 305 2705 domini
323 2641 416 2705 1280.
433 2641 514 2729 (114.)
540 2640 692 2706 Continet
708 2641 804 2707 etiam
817 2641 942 2707 litteras
952 2641 1086 2707 curiales
1097 2641 1241 2724 ejusdem
1251 2641 1339 2706 anni.
1351 2639 1437 2729 (A5.)

273 2765 302 2829 4.
325 2764 509 2850 Registruni
532 2765 567 2829 in
590 2767 667 2830 folio
690 2788 799 2852 parvo,
816 2787 922 2831 annus
938 2766 971 2844 1,
995 2766 1051 2849 qui
1074 2765 1187 2850 incipit
1211 2766 1251 2830 ab
1275 2785 1361 2831 anno
1378 2764 1435 2828 do·

182 2889 264 2953 mini
290 2891 383 2958 1278.
408 2888 474 2976 (Β.)

273 3013 302 3078 5.
324 3011 475 3097 ejusaem
507 3013 638 3098 registri
670 3035 776 3078 annus
807 3014 857 3091 n,
892 3013 947 3097 qur
978 3013 1093 3098 incipit
1125 3013 1166 3078 ab
1181 2988 1183 2994 ’
1197 3034 1283 3078 anno
1316 3012 1438 3077 amini

185 3137 280 3202 1279.
304 3135 391 3226 (B,.)

272 3261 301 3325 6.
323 3260 475 3344 Ejusdem
504 3261 636 3346 registri
665 3283 770 3326 annus
793 3260 860 3338 III,
892 3261 947 3344 qui
975 3260 1092 3346 incipit
1121 3261 1162 3326 ab
1196 3282 1282 3326 anno
1315 3258 1437 3325 domini
1538 3307 1542 3316 .

185 3386 280 3451 raso.
304 3384 388 3473 (Βῖ.)

555 3525 597 3598 11.
620 3523 800 3599 Ilertirrs
822 3525 863 3598 II.
885 3524 1069 3610 1281-1281.

274 3723 302 3788 1.
324 3721 468 3808 Registri
483 3687 589 3787 tomus
599 3724 633 3799 Ι..
644 3743 749 3786 annus
759 3722 793 3798 I,
804 3723 860 3805 qui
869 3722 984 3806 incipit
993 3723 1034 3787 ab
1045 3745 1131 3788 anno
1142 3722 1264 3788 domini
1275 3724 1358 3790 1281
1369 3722 1435 3809 (Α.)

272 3847 300 3910 2.
323 3846 475 3930 Ejusdem
490 3846 621 3932 registri
636 3849 741 3910 tomus
765 3847 798 3924 1,
823 3868 927 3910 annus
945 3848 994 3923 II,
1015 3849 1071 3930 qui
1086 3847 1201 3931 incipit
1218 3847 1258 3912 ab
1274 3867 1362 3912 anno
1380 3847 1436 3910 do-

180 3959 262 4034 rnini
280 3972 374 4036 1282.
394 3971 479 4060 (1,.)
504 3970 656 4036 Continet
672 3970 770 4044 etiam
785 3970 911 4035 litteras
927 3970 1061 4035 curiales
1082 3971 1225 4054 ejusdem
1246 3970 1333 4036 anni.
1351 3967 1435 4058 (A2.)

271 4095 300 4158 3.
323 4095 474 4178 Ejusdem
496 4094 626 4181 registri
648 4096 755 4158 tomus
779 4095 812 4172 I,
836 4115 941 4159 annus
964 4096 1031 4174 ΙΠ.,
1056 4095 1112 4179 qui
1133 4095 1250 4180 incipit
1278 4095 1319 4159 ab
1348 4116 1435 4160 anno

180 4215 303 4282 domini
321 4220 405 4283 1283
417 4217 514 4307 (A,..)
539 4218 691 4285 Continet
707 4219 805 4284 etiam
820 4218 945 4285 litteras
955 4219 1089 4284 curiales
1100 4217 1339 4303 ejusdemanni.
1351 4217 1435 4307 (Ap)

269 4342 299 4406 I.
322 4343 473 4426 Ejusdem
495 4343 627 4428 registri
648 4347 754 4407 tomus
777 4343 812 4419 1.,
836 4364 941 4408 annus
965 4344 1027 4421 lv,
1053 4343 1108 4427 qui
1131 4344 1247 4427 Incipit
1276 4343 1317 4407 ab
1349 4361 1435 4407 anno

178 4463 304 4529 domini
322 4467 407 4531 1284
422 4466 507 4554 (A5.)
533 4465 684 4532 Continet
700 4466 799 4531 etiarn
815 4466 940 4531 lItteras
951 4466 1085 4531 curiales
1096 4466 1239 4550 ejusdem
1249 4466 1337 4533 anni.
1349 4465 1434 4554 (ΑΒ.)

286 4577 367 4636 Posse,
387 4577 509 4626 Analecta„
1239 4571 1257 4624 b
